5060 6532
327 627 379 684 VI
1179 618 1453 677 PRAEFATIO.

331 798 532 884 scriptorum
553 797 773 860 recentiorum
796 793 955 860 hactenus
975 795 1081 860 visum
1105 805 1156 860 est
1177 805 1211 860 et
1231 796 1332 883 vulgo
1352 797 1556 883 incognitum
1578 797 1660 862 latet
1673 797 1815 862 Honorii
1834 797 1884 862 III
1906 805 2086 884 regestum,
2110 797 2201 883 quod
2217 797 2312 862 evul-

330 905 434 993 gandi
455 906 519 970 iam
542 913 691 990 tempore
713 903 993 968 Bollandistarum
1016 903 1087 988 (oid.
1103 903 1241 992 Propyl.
1265 926 1296 989 p.
1313 905 1388 988 357)
1415 905 1556 991 »grande
1578 905 1695 991 procul
1717 904 1819 969 dubio
1842 912 1958 969 votum
1980 915 2052 970 crat
2073 906 2217 970 omnium
2240 914 2312 970 stu-

332 1015 504 1080 diosorum
525 1013 702 1078 historicae
723 1011 898 1075 veritatis«
944 1011 994 1075 La
1008 1011 1110 1076 Porta
1131 1011 1177 1076 du
1192 1011 1308 1087 Theil‚
1331 1013 1388 1098 qui
1409 1033 1561 1100 magnam
1575 1012 1716 1077 Honorii
1738 1013 1953 1098 epistolarum
1975 1021 2102 1098 partem
2124 1013 2311 1099 descripsit,

332 1145 375 1188 ex
403 1124 450 1187 eis
472 1121 570 1208 elegit
589 1121 678 1196 illas,
701 1141 786 1204 quae
807 1119 850 1183 ad
872 1141 925 1184 res
946 1119 1092 1184 Gallicas
1113 1121 1339 1206 pertinebant,
1361 1119 1450 1185 unde
1470 1119 1731 1206 Bouquet·Brial
1753 1120 1911 1186 selectum
1931 1120 2081 1185 fecerunt
2100 1122 2310 1186 atfinentium

332 1230 375 1295 ad
402 1229 552 1317 publicas
577 1228 671 1314 regni
697 1249 751 1292 res
778 1235 898 1313 gestas.
921 1266 964 1276 —
984 1228 1129 1313 Regesta
1157 1249 1317 1313 paparum
1345 1229 1402 1312 qui
1429 1227 1616 1293 Honorium
1643 1230 1676 1292 in
1704 1229 1889 1314 apostolica
1916 1228 1995 1293 sede
2024 1239 2237 1315 exceperunt,
2268 1251 2309 1293 ex

333 1337 565 1402 diversissimis
589 1334 745 1420 operibus
767 1334 909 1400 conferri
931 1336 1116 1422 oportebat.

466 1445 575 1509 Etiam
591 1464 675 1528 quae
687 1443 812 1507 nullius
827 1444 882 1508 vel
892 1445 1075 1509 tenuissimi
1086 1444 1241 1510 momenti
1253 1449 1341 1510 sunt.
1357 1443 1478 1528 quibus
1490 1445 1702 1510 continentur
1715 1442 1940 1529 indulgentiae
1951 1444 2097 1507 ecclesiis
2108 1464 2146 1508 ac
2156 1442 2313 1508 fidelibus

331 1574 508 1618 concessae
530 1552 659 1636 aliaque
680 1550 911 1616 huiuscemodi
938 1551 1054 1637 recepi.
1097 1549 1184 1615 Nam
1212 1552 1245 1614 in
1273 1550 1464 1614 huiusmodi
1490 1551 1713 1616 monumentis
1737 1552 1842 1615 multa
1863 1573 1968 1636 eaque
1989 1552 2073 1616 scitu
2095 1551 2178 1615 bene
2200 1551 2311 1637 digna,

332 1682 418 1746 quae
440 1659 661 1724 conditionem
684 1667 785 1744 atque
807 1660 965 1746 originem
988 1660 1093 1745 ipsam
1115 1659 1340 1735 ecclesiarum,
1368 1660 1644 1723 monasteriorum
1670 1659 1877 1744 aliorumque
1905 1659 2058 1723 similium
2086 1659 2254 1745 religionis
2277 1667 2310 1723 et

331 1767 501 1833 societatis
522 1766 749 1831 institutorum
772 1767 988 1852 patefaciunt,
1011 1766 1299 1852 deprehendimus.
1344 1766 1492 1831 Eandem
1515 1767 1557 1830 ob
1573 1788 1704 1830 causam
1726 1768 1934 1852 provisiones
1949 1767 1996 1830 ita
2016 1766 2121 1830 dictas
2136 1767 2311 1832 beneficio·

331 1898 405 1940 rum
428 1874 724 1939 ecclesiasticorum
753 1873 844 1938 haud
873 1874 1050 1958 praeterire
1076 1873 1183 1949 volui,
1212 1875 1337 1960 quiippe
1365 1897 1450 1960 quae
1478 1896 1715 1960 saepenumero
1742 1874 1840 1960 plura
1865 1897 1934 1938 non
1961 1875 2056 1959 parvi
2082 1875 2239 1939 momenti
2267 1875 2309 1938 de

330 1983 413 2047 viris
429 1981 658 2046 ecclesiasticis
681 1980 789 2066 deque
811 2004 923 2045 corum
945 1981 1139 2046 conditione
1149 1982 1246 2046 nobis
1268 1982 1405 2047 tradunt
1426 1991 1526 2068 atquc
1549 1982 1704 2069 produnt.
1748 1983 1901 2068 Denique
1923 1983 1951 2046 si
1974 1981 2014 2046 de
2037 1981 2152 2046 codem
2174 1983 2311 2068 negotio

331 2099 390 2156 aut
404 2097 598 2177 argumento
614 2089 656 2152 ad
672 2089 784 2174 plures
799 2090 896 2154 simul
911 2090 1070 2174 scripturn
1085 2091 1209 2175 reperi,
1232 2091 1333 2176 selegi
1353 2091 1481 2157 litteras
1504 2093 1550 2156 eis
1571 2092 1689 2156 missas
1711 2092 1754 2155 ad
1769 2113 1854 2177 quos
1876 2090 1962 2156 idem
1984 2072 2153 2178 negotium
2168 2092 2310 2154 maxime

331 2208 477 2286 spectat,
499 2198 761 2262 commemoratis
783 2196 948 2262 duntaxat
969 2198 1101 2272 ceteris,
1125 2198 1246 2283 quibus
1268 2199 1352 2264 illud
1374 2220 1479 2284 aeque
1500 2198 1757 2264 commendatur.

466 2305 611 2370 Litteras
633 2305 813 2369 decretales
835 2304 1020 2370 Innocentii
1035 2305 1085 2369 III
1105 2306 1313 2390 aliorumque
1334 2329 1503 2392 paparum,
1526 2329 1610 2392 quas
1625 2306 1756 2393 Corpus
1777 2308 1857 2371 iuris
1873 2307 2022 2370 canonici
2037 2306 2180 2382 exhibet,
2203 2329 2309 2391 quan·

331 2423 401 2476 tum
425 2422 574 2498 poteram
596 2412 640 2476 ad
666 2412 777 2476 fontes
806 2411 932 2499 redegi3
960 2412 1034 2476 illas
1057 2421 1165 2476 autem
1193 2411 1354 2478 Bonifacii
1377 2414 1470 2491 VIII,
1499 2436 1571 2479 cum
1600 2415 1671 2478 sine
1698 2417 1892 2500 inscriptione
1914 2425 1967 2480 etc.
1995 2415 2028 2477 in
2058 2415 2310 2499 quaestiouibus

330 2521 477 2584 iuridicis
498 2521 695 2606 generaliter
716 2531 749 2585 et
770 2521 935 2585 abstracte
956 2521 1112 2584 iudicium
1134 2521 1264 2597 faciant,
1287 2522 1458 2586 brevitatis
1479 2543 1578 2586 causa
1599 2523 1702 2585 omisi.

467 2629 615 2693 Litterae
637 2650 720 2714 quas
744 2629 874 2713 spurias
888 2629 1019 2713 putavi,
1041 2650 1178 2693 numero
1194 2628 1344 2696 Romano
1368 2639 1400 2693 et
1421 2631 1447 2712 †
1469 2629 1622 2715 apposita
1638 2629 1781 2715 signavi3
1803 2629 1859 2692 ubi
1882 2629 2025 2714 reperire
2041 2629 2172 2693 easdem
2188 2629 2309 2714 possis,

331 2738 453 2824 pagina
479 2736 556 2801 libri
583 2736 699 2800 ultima
726 2734 858 2800 indicat.
902 2734 1069 2821 Paparum
1096 2736 1302 2822 diplomatis,
1335 2758 1477 2822 quorum
1504 2735 1588 2800 nibil
1621 2736 1788 2822 cognitum
1821 2737 1884 2800 nisi
1916 2746 2107 2822 argumenta
2137 2736 2312 2814 habemus

329 2845 521 2909 asteriscum
542 2847 561 2883 ⁴⁵
583 2844 703 2919 adieci,
725 2852 764 2909 ut
784 2842 826 2908 ab
848 2842 921 2906 aliis
944 2843 1148 2908 commodius
1170 2853 1391 2910 secernantur.

466 2951 611 3039 Regesta
626 2974 712 3037 quae
727 2951 821 3016 libris
842 2973 922 3016 non
943 2951 1073 3016 latine
1094 2953 1226 3038 scriptis
1241 2953 1462 3026 continentur,
1485 2951 1599 3016 eadem
1614 2973 1681 3037 qua
1696 2953 1819 3038 scripta
1840 2959 1919 3016 sunt
1934 2952 2044 3038 lingua
2059 2952 2208 3030 exhibui,
2232 2955 2310 3038 quia

332 3061 467 3126 nomina
488 3060 658 3136 villarum,
680 3060 851 3126 civitatum
878 3071 930 3124 etc.
953 3081 1026 3124 cum
1048 3059 1163 3126 formis
1189 3061 1223 3124 in
1252 3059 1404 3146 originali
1425 3059 1582 3124 adhibitis
1605 3060 1820 3145 congruentia
1840 3059 1978 3124 reddere
2000 3058 2182 3135 difficilius,
2209 3062 2312 3126 immo

329 3167 535 3254 impossibile
556 3177 635 3232 erat.
1014 3163 1015 3166 ’

466 3274 581 3340 Verba
601 3275 675 3360 ipsa
690 3274 853 3340 bullarum
876 3287 927 3340 alc.
950 3283 1110 3360 quantum
1133 3274 1203 3340 fieri
1218 3275 1390 3340 commode
1412 3276 1535 3360 potuit,
1557 3274 1592 3338 in
1614 3275 1816 3360 argumentis
1831 3295 1942 3340 earum
1964 3274 2173 3340 recensendis
2188 3275 2306 3340 retinui

331 3393 364 3450 et
391 3383 517 3470 duplici
543 3382 675 3468 virgula
700 3382 743 3446 ad
769 3383 898 3447 initium
925 3390 961 3446 et
986 3382 1084 3447 finem
1112 3385 1141 3466 (a
1169 3385 1199 3468 a)
1227 3383 1379 3461 distinxi3
1408 3404 1493 3468 quae
1520 3382 1597 3468 plus
1623 3381 1746 3447 habere
1772 3383 1929 3447 momenti
1954 3383 2167 3458 videbantur,
2195 3403 2305 3446 earum

330 3498 523 3576 argumenta
544 3488 646 3575 paulo
669 3489 801 3575 plenius
824 3490 989 3565 enarravi,
1012 3488 1150 3575 reliquis
1172 3491 1306 3555 brevius
1328 3491 1531 3575 percensitis.
1612 3494 1617 3504 “

466 3596 611 3662 Nomina
632 3596 847 3668 cardinalium
867 3597 970 3662 bullis
992 3597 1267 3662 subscribentium
1289 3597 1464 3684 diligenter
1485 3597 1604 3683 collegi
1626 3617 1675 3672 eo,
1697 3596 1791 3682 quod
1811 3597 1854 3661 ad
1875 3598 2058 3683 pleniorem
2078 3598 2237 3664 historiae
2258 3600 2310 3662 in·

331 3704 547 3790 telligentiam
569 3703 905 3792 chronologicamque
920 3705 1081 3770 factorum
1104 3705 1220 3770 seriem
1242 3705 1477 3770 adstruendam
1501 3727 1599 3790 saepe
1621 3725 1663 3768 ex
1683 3705 1779 3770 istius
1793 3707 1923 3792 generis
1945 3707 2072 3770 notitiis
2093 3706 2219 3770 utilitas
2239 3728 2309 3771 non

330 3833 435 3898 parva
456 3812 601 3898 emergit.

467 3920 507 3984 In
534 3919 738 3986 collocandis
765 3920 958 4004 pontificum
987 3919 1105 3986 litteris
1132 3921 1226 3985 iuxta
1252 3928 1378 3986 rectum
1405 3941 1566 3986 annorum
1594 3918 1743 3984 ordinem
1769 3920 1897 4006 magnis
1923 3919 2089 3986 interdum
2116 3919 2309 3984 luctandum

333 4037 405 4094 erat
425 4027 686 4094 difficultatibus.
731 4027 766 4092 Si
788 4027 912 4112 ubique
934 4049 1049 4094 causas
1072 4037 1106 4094 et
1126 4029 1269 4093 criticam
1285 4028 1550 4114 disquisitionem
1572 4026 1769 4112 subiungere
1790 4026 1984 4103 voluissem,
2006 4026 2217 4112 quamobrem
2241 4029 2311 4092 sin·

330 4138 410 4222 gula
431 4143 561 4223 regesta
580 4137 646 4199 aine
666 4135 737 4200 dato
759 4136 828 4198 suis
850 4135 932 4200 locis
953 4136 1091 4211 inserui,
1114 4136 1253 4200 alterum
1275 4156 1344 4200 non
1366 4135 1521 4220 exiguum
1542 4133 1698 4198 volumen
1720 4133 1913 4219 replessent.
1957 4133 2104 4200 Plurima
2125 4133 2309 4220 diplomata

331 4243 477 4310 eiusdem
505 4243 665 4328 temporis
692 4242 766 4307 solo
794 4243 1047 4328 subscriptionis
1075 4243 1128 4308 die
1155 4242 1352 4328 discrepant.
1403 4242 1485 4306 Cum
1513 4242 1598 4306 enim
1625 4241 1730 4305 multa
1757 4243 1934 4307 transmitti
1962 4251 2133 4328 oporteret
2153 4265 2214 4307 nec
2241 4265 2311 4308 uno

331 4353 555 4418 scriberentur
582 4358 640 4414 aut
667 4349 825 4415 darentur
852 4350 920 4426 die,
950 4351 1072 4415 diversi
1099 4351 1259 4437 temporis
1286 4349 1478 4435 praeferunt
1504 4357 1610 4414 notas.
1654 4350 1833 4414 Maximam
1861 4359 1989 4436 partem
2016 4350 2099 4414 haec
2125 4349 2311 4435 diplomata

329 4481 389 4546 per
414 4458 567 4544 »Repetit
582 4473 617 4522 n⁰
639 4487 744 4526 ....«
769 4457 901 4522 inserui.
945 4458 1012 4523 Ubi
1032 4479 1114 4522 vero
1128 4459 1218 4522 varic
1232 4458 1306 4522 dcta
1321 4456 1471 4543 epistolis
1485 4458 1649 4543 ‚apposita
1670 4465 1778 4534 crant,
1802 4481 1863 4522 suo
1885 4457 2044 4544 quodque
2066 4457 2139 4522 loco
2154 4457 2309 4522 indicavi.

464 4567 609 4632 Nomina
630 4567 778 4632 locorum
799 4566 853 4630 his
876 4568 887 4652 [
909 4568 921 4651 ]
945 4567 1038 4631 uncis
1061 4564 1242 4651 explicare,
1265 4565 1400 4628 nomina
1420 4585 1636 4650 personarum
1658 4565 1724 4629 illis
1747 4566 1758 4651 (
1781 4568 1792 4650 l
1815 4566 1972 4652 supplere
1994 4563 2116 4630 studui.

464 4678 495 4740 A
523 4684 672 4762 ternpore
699 4696 767 4760 quo
795 4683 946 4740 nostrum
972 4674 1039 4738 hoc
1065 4695 1151 4760 opus
1177 4674 1293 4759 incipit
1319 4681 1354 4738 et
1381 4674 1539 4751 excurrit,
1568 4695 1698 4761 semper
1718 4675 1754 4739 in
1774 4674 1876 4740 bullis
1898 4685 1952 4738 etc.
1973 4672 2151 4758 pontificiis
2171 4673 2200 4736 is
2223 4672 2310 4737 ordo

329 4783 541 4859 observatur,
571 4793 609 4848 ut
636 4805 744 4850 annus
765 4783 1003 4848 incarnationis
1025 4791 1174 4847 sumatur
1195 4803 1215 4846 a
1235 4781 1289 4846 die
1310 4780 1360 4848 25.
1376 4781 1488 4846 Martii
1515 4791 1677 4847 stannus
1699 4781 1912 4868 pontificatus
1933 4802 1954 4846 a
1975 4780 2028 4845 die
2049 4779 2308 4848 consecrationis

328 4899 530 4956 numeretur.
580 4891 674 4972 Quae
695 4890 878 4975 diplomata
904 4911 924 4954 n
951 4890 1048 4976 papis
1070 4897 1148 4954 ante
1169 4911 1281 4954 eorum
1301 4890 1581 4956 consecrationem
1603 4889 1692 4955 edita
1706 4888 1908 4964 referuntur,
1931 4911 1970 4952 ea
1991 4909 2137 4952 mensem
2158 4908 2197 4952 ac
2219 4886 2308 4952 diem

329 4998 524 5073 enunciant,
550 5019 672 5062 annum
694 5020 775 5063 vero
797 4999 1010 5083 pontificatus
1032 4997 1166 5062 omnino
1188 4997 1334 5062 reticent.
1378 4997 1488 5074 Diem,
1515 5019 1676 5074 mensem,
1704 5016 1827 5060 annum
1850 5007 1903 5060 etc.
1927 4995 2117 5080 origInalem
2140 5015 2207 5079 quo
2229 4993 2309 5060 data

326 5105 512 5192 diplomata
538 5115 631 5182 sunt,
664 5107 788 5191 ubique
816 5107 955 5193 regestis
983 5105 1175 5171 abbreviata
1200 5105 1306 5170 forma
1333 5107 1490 5192 apposui,
1525 5127 1591 5191 quo
1618 5103 1762 5179 facilius,
1791 5123 1870 5167 num
1897 5103 2002 5166 datram
2031 5103 2075 5168 sit
2102 5123 2179 5168 vere
2210 5101 2308 5166 recti·

325 5216 475 5290 ficetum,
498 5234 698 5301 cognoscere
719 5215 839 5300 possis.

464 5321 687 5408 Temporibus
702 5322 888 5386 Innocentii
901 5321 952 5386 III
973 5322 1148 5386 indictiones
1168 5341 1188 5385 a
1209 5343 1321 5386 mense
1342 5319 1529 5407 Septembri
1551 5318 1783 5394 exordiuntur,
1806 5317 1866 5382 scd
1887 5339 1966 5382 num
1989 5316 2083 5381 firmo
2106 5317 2187 5380 satis
2209 5337 2309 5402 argu·

325 5441 439 5498 mento
453 5431 520 5497 hoc
541 5439 748 5496 asservatum
763 5430 864 5494 fuerit
884 5428 1058 5494 nescimus.
1101 5428 1233 5494 Etenim
1254 5430 1341 5495 inter
1355 5437 1405 5494 tot
1426 5448 1465 5492 ac
1486 5434 1611 5501 tantas,
1634 5445 1720 5510 quae
1733 5425 1844 5490 adhuc
1865 5433 2046 5512 supersunt
2059 5424 2243 5490 Innocentii
2257 5422 2307 5490 III

324 5539 436 5606 bullas
457 5559 543 5626 quas
564 5538 682 5602 dicunt
696 5535 958 5611 consistoriales,
982 5556 1105 5621 paucae
1126 5534 1304 5600 admodum
1320 5543 1511 5609 occurrunt,
1534 5533 1569 5596 in
1591 5532 1711 5618 quibus
1725 5533 1862 5600 indictio
1881 5541 1940 5598 aut
1959 5553 2106 5598 amensa
2121 5530 2308 5617 Septembri
