5046 6532
395 583 481 672 730

953 585 1339 687 GREGORIUS
1365 589 1454 687 IX.
1506 591 1820 692 1227-1241.

393 748 2365 802 Ἢ

394 953 481 1010 Febr.
503 953 522 1008 6
624 951 739 1008 l'crusii

392 2643 479 2701 Mart.
501 2644 519 2700 7
603 2645 745 2702 leterani

854 853 1214 1032 &gbompositionem
1238 953 1319 1012 inter
1341 953 1486 1014 decanum
1508 955 1731 1028 capitulumque
1748 957 1779 1015 S.
1796 958 1878 1016 Petri
1901 961 1938 1016 de
1957 961 2046 1018 Curia
2064 961 2308 1019 Cenomanensas
2329 981 2363 1020 ei

886 1021 974 1098 parde
995 1035 1056 1076 uua
1078 1027 1110 1076 et
1130 1035 1319 1094 episcopum,
1340 1023 1486 1080 decanum
1509 1023 1732 1096 capitulumque
1750 1027 1990 1086 cenomanenses
2007 1045 2045 1086 eii
2067 1031 2164 1086 altera
2186 1047 2282 1102 super
2299 1033 2363 1087 sub

886 1091 1021 1156 rectione,
1038 1087 1207 1146 obedientia
1224 1097 1255 1146 et
1272 1092 1441 1148 reverentia
1459 1091 1600 1166 episcopo
1618 1093 1696 1150 dicto
1716 1101 1761 1148 etc.
1778 1095 1951 1152 exhibendis
1962 1098 2160 1154 amicabiliter
2176 1099 2283 1155 initam
2301 1117 2364 1155 con

886 1153 1018 1278 {ili-goni&
1031 1171 1084 1212 viii
1097 1155 1134 1214 id.
1145 1156 1234 1214 Febr.
1246 1174 1278 1214 ιιι
1290 1159 1330 1216 3⁹.
1388 1159 1485 1218 Piolin
1502 1161 1579 1218 liist.
1596 1162 1634 1218 de
1650 1160 1731 1231 l’egl.
1748 1161 1787 1218 du
1806 1163 1892 1221 bians
1911 1165 1958 1221 lV.
1970 1165 2029 1223 582
2046 1182 2079 1222 n·
2091 1168 2133 1222 79.
2151 1199 2186 1207 -
2207 1167 2265 1222 -Ea
2291 1183 2363 1238 quae

851 1320 867 1352 ⁶
887 1321 976 1392 (8494)
994 1321 1192 1380 Commissicn
1210 1326 1328 1382 donnes
1344 1341 1402 1396 pai·
1420 1327 1448 1382 le
1465 1341 1543 1398 popo
1561 1327 1704 1398 Gre'goire
1716 1327 1755 1384 lX
1774 1345 1812 1386 un
1831 1329 1938 1401 doyen,
1954 1331 2079 1388 chantre
2097 1338 2126 1388 et
2145 1335 2364 1390 sons-cluntre

826 1450 829 1461 ‚
886 1389 924 1445 de
941 1389 1151 1448 Sciet-Martia
1168 1393 1206 1448 de
1222 1393 1320 1451 'lours
1337 1410 1415 1465 pour
1430 1410 1450 1448 a
1491 1411 1601 1452 rouver
1618 1411 1658 1452 un
1682 1398 1844 1453 concordat
1918 1401 1951 1454 se
1968 1404 2055 1456 entre
2071 1402 2117 1456 les
2134 1400 2233 1471 doyeu
2250 1411 2283 1456 et
2302 1403 2365 1458 cln-
2482 1391 2483 1428 ³

906 1457 964 1514 itre
982 1460 1019 1516 de
1037 1459 1377 1519 saint-vienensem
1394 1463 1460 1518 du.
1502 1479 1537 1520 ns
1555 1463 1644 1521 d'uue
1659 1469 1730 1534 part
1747 1473 1778 1520 et
1794 1466 1840 1521 les
1877 1466 1988 1537 neque,
2011 1466 2107 1538 doyen
2125 1474 2155 1524 et
2173 1470 2313 1539 cbapitre
2328 1471 2363 1524 dii
2482 1493 2483 1522 l

916 1541 972 1582 ans
990 1527 1106 1610 d’autrc
1124 1535 1193 1609 part
1210 1545 1250 1609 au
1268 1533 1349 1654 siffet
1366 1531 1403 1586 de
1421 1531 1451 1585 la
1463 1531 1665 1612 ‚soumissioin
1688 1531 1732 1614 de·
1749 1533 1945 1614 l’obeissaiice
1967 1541 1996 1590 et
2020 1536 2057 1591 de
2081 1537 2111 1591 la
2129 1539 2295 1616 re're'rence

885 1595 1278 1735 ffimdssrffiffgffi't
1313 1614 1347 1654 es
1365 1599 1526 1655 cbanoines
1545 1599 1582 1655 de
1600 1599 1810 1657 Saint-Pierre.
1844 1602 1936 1658 vent
1946 1601 2033 1658 Febr.
2045 1619 2077 1658 a·
2088 1605 2129 1660 3⁰.
2190 1604 2296 1660 Bilard

852 1761 962 1818 Abbati
981 1765 1010 1819 ct
1028 1761 1173 1820 iratribus
1192 1765 1223 1822 S.
1240 1763 1354 1821 blarine
1372 1764 1409 1822 de
1426 1765 1528 1821 Plani:
1557 1765 1690 1824 ·Perusii
1708 1781 1761 1822 iiii
1779 1768 1839 1824 kal.
1854 1767 1942 1825 biart.
1957 1771 2058 1826 a⁰3··.
2084 1824 2092 1838 ,
2119 1772 2277 1844 Maurique
2294 1775 2365 1828 Ano.

886 1830 1010 1887 Cisterc.
1024 1831 1070 1887 iv.
1081 1832 1142 1904 413,
1160 1837 1210 1886 eid.
1230 1833 1305 1892 1229.
1322 1833 1408 1890 Febr.
1419 1833 1462 1890 Ὦ.
1480 1851 1513 1890 ιιο
1524 1833 1601 1892 8348

855 1929 1021 2000 ·Benignus
1041 1937 1127 2004 pater
1145 1937 1175 1988 et
1193 1933 1330 1990 dominus
1348 1933 1429 1990 circa
1447 1933 1494 1990 sui
1512 1933 1610 2004 quarti
1629 1935 1710 2006 (tepeo
1728 1934 1819 2004 tertii)
1836 1933 1907 1990 anui
1924 1933 2034 1990 exitum
2052 1951 2154 1992 mense
2171 1937 2329 1996 Februarii

853 1998 1037 2056 hebdomadi
1054 1999 1176 2057 maioris
1194 2001 1443 2081 quadragesimae
1461 2001 1557 2072 piiuiii
1727 2069 1735 2081 θ
1772 2069 1779 2082 ι
2100 2071 2108 2084 ι

826 2068 829 2079 ’
852 2083 919 2122 cum
938 2067 1034 2135 glorie
1051 2075 1082 2124 at
1100 2069 1320 2126 inaestimanda
1338 2068 1452 2126 laetitia
1464 2069 1572 2158 populi
1590 2071 1752 2126 exultantis
1771 2069 1915 2150 {ninevit-
1939 2069 2028 2150 ‚Fila
2046 2069 2108 2126 (ir-i
2127 2088 2163 2151 cx
2181 2074 2264 2129 (rard.
2276 2078 2362 2144 Arar.

886 2150 934 2207 ap.
951 2135 1097 2192 Muretori
1115 2137 1181 2194 Sci.
1197 2153 1256 2194 rer.
1274 2137 1339 2194 ital
1359 2137 1506 2194 illabili
1519 2137 1550 2193 C.
1566 2167 1602 2178 —
1621 2137 1736 2194 ·Prime
1754 2138 1801 2193 die
1818 2137 1973 2194 Februarii
1990 2137 2104 2194 Romae
2121 2139 2239 2197 'liberis
2257 2143 2361 2199 liutius

906 2219 940 2259 er
956 2202 1137 2261 alluvionem
1156 2221 1252 2276 usqne
1270 2206 1344 2262 adeo
1362 2204 1515 2262 inundavit
1553 2205 1632 2286 qnod
1650 2205 1807 2286 occupavit
1829 2206 1866 2288 de
1889 2205 2026 2286 domibus
2045 2206 2133 2286 l'rbis
2157 2211 2318 2292 usquead
2334 2213 2362 2266 S.
2381 2225 2390 2242 ·

910 2273 1008 2328 etrum
1026 2278 1057 2328 ct
1075 2289 1169 2343 usqne
1187 2274 1225 2329 ad
1244 2273 1274 2329 S.
1292 2273 1433 2343 Paulum,
1451 2246 1530 2344 quod
1547 2277 1623 2329 tanti
1641 2289 1734 2330 cansa
1751 2279 1866 2330 umeris
1885 2273 2028 2330 Romams
2045 2276 2183 2332 omuibus
2200 2283 2317 2348 extent,
2332 2287 2360 2335 ut

825 2388 829 2437 ι
885 2355 953 2394 mox
970 2339 1007 2396 de
1025 2341 1173 2423 communi
1191 2341 1315 2398 consilio
1333 2347 1413 2398 metu
1436 2341 1542 2398 mortis
1559 2341 1710 2398 dominum
1727 2360 1847 2422 papam
1865 2341 1903 2422 ad
1922 2341 2030 2398 Urbem
2048 2343 2086 2424 do
2103 2343 2253 2440 Peracto
2272 2366 2361 2399 reeo-

885 2409 2361 2552 1111191911111.11119111119118111111911(9191119189).

886 2543 967 2613 10053
985 2559 1032 2616 sp.
1051 2544 1196 2614 llap'nald.
1214 2547 1291 2602 Anu.
1309 2546 1347 2602 ad
1365 2563 1393 2602 a.
1407 2545 1474 2602 1230
1491 2545 1555 2616 S2).

850 2643 938 2712 (8495)
957 2643 1138 2700 Massiliensi
1155 2653 1186 2700 et
1204 2643 1343 2712 Regiensi
1361 2643 1510 2716 episcopis
1527 2644 1667 2713 mandat,
1691 2644 1771 2700 utin
1792 2643 1893 2701 nirant
1909 2648 1940 2701 et
1957 2645 2066 2702 auditis
2089 2645 2218 2704 testibus
2236 2665 2360 2719 pronun

823 2759 827 2768 .
883 2711 1019 2790 tient0de
1042 2712 1166 2782 querela
1188 2727 1277 2792 quain
1301 2717 1465 2792 conventus
1483 2713 1514 2768 S.
1533 2711 1662 2768 l'ictcris
1680 2712 1773 2792 llass'
1787 2712 1879 2794 tensis
1903 2713 2049 2795 adversus
2071 2716 2213 2770 consules
2234 2723 2266 2772 et
2284 2719 2359 2774 cives

883 2777 1090 2836 Massilienses
1108 2795 1265 2836 occasione
1282 2781 1439 2838 cuiusdam
1462 2781 1556 2837 turris
1573 2785 1604 2838 et
1627 2781 1732 2852 palatii
1748 2797 1768 2836 a
1785 2781 1872 2838 dictis
1889 2781 2002 2838 civibus
2026 2782 2248 2840 destructorum
2267 2801 2359 2841 more·

884 2851 962 2902 rant
997 2847 1265 2918 spumantes».
1292 2858 1300 2917 ((
1326 2848 1590 2919 Bebunoeilntiq.
1608 2848 1646 2904 dc
1666 2848 1798 2917 l'c'gl.de
1817 2849 1969 2906 blarseille
1987 2849 2096 2906 111311
2113 2881 2148 2890 -
2168 2851 2292 2908 ·Dilecti
2309 2853 2358 2910 filii
2482 2879 2484 2904 l

883 2915 1003 2971 abbas.-

823 3023 826 3059 1
849 3013 939 3096 (8496)
958 3013 1158 3096 (Eberhardo)
1175 3014 1401 3096 archiepiscopo
1418 3014 1648 3100 Saltzpurgensi
1666 3017 1695 3070 ot
1714 3015 1915 3096 suliragaueis
1933 3016 1997 3096 eliis
2015 3019 2046 3097 et
2063 3017 2224 3099 abbatibus
2241 3061 2248 3074 .
2264 3063 2272 3076 .
2330 3027 2357 3077 et

884 3083 953 3164 “¹¹³⁸
971 3083 1168 3165 ⁰⁰⁰¹⁰⁵¹³²¹¹¹¹¹¹
1181 3083 2359 3222 ⁹”littlielffileeditetletblllstnttsltltss

882 3167 937 3276 gilii
947 3166 1309 3302 &siisffiigngfgt’iiiiigrvigt
1326 3235 1403 3300 quae
1414 3218 1475 3274 illis
1487 3235 1523 3274 ex
1536 3222 1715 3299 testamento
1728 3217 1932 3276 decedentium
1943 3220 2031 3302 relin·
2042 3227 2162 3292 cuntur,
2179 3231 2225 3276 eie.
2243 3226 2357 3294 publice

822 3400 824 3423 ,
881 3285 2358 3426 11911119111111199191981119)119911511919191

821 3426 824 3497 i
847 3455 937 3528 (8497)
955 3454 1099 3524 Magistro
1110 3454 1234 3536 Aegidio
1253 3453 1436 3534 subdiacono
1455 3461 1484 3510 et
1502 3454 1662 3536 capellano
1676 3469 1732 3512 sno
1750 3455 1881 3524 mandat,
1897 3455 1979 3536 utin
1996 3471 2089 3537 cama
2107 3457 2227 3514 abbatis
2238 3475 2359 3516 consen

821 3528 823 3587 i
881 3529 991 3594 tnsque
1015 3523 1043 3580 S.
1063 3523 1184 3603 blaitini
1205 3522 1243 3602 de
1267 3521 1422 3602 Pannonia
1446 3527 1477 3578 et
1500 3529 1663 3604 praepositi
1682 3524 1712 3580 S.
1729 3523 1860 3604 quuiae
1879 3521 2094 3604 strigoniensis
2117 3541 2211 3596 super
2233 3529 2357 3597 quadam

821 3610 823 3636 ¹
881 3608 1000 3650 summa
1025 3607 1169 3678 pecuniae
1191 3590 1373 3671 litigantium
1397 3597 1479 3672 iuxta
1496 3607 1611 3714 prioris
1634 3592 1792 3677 apostolici
1815 3591 1948 3647 mandati
1973 3593 2108 3648 tenorem
2135 3599 2287 3676 proi-edat.
2322 3597 2358 3652 ld

820 3638 823 3763 1
882 3661 970 3718 Mart.
982 3675 1015 3715 a0
1027 3661 1066 3717 dv.
1084 3661 1092 3728 )
1110 3657 1497 3730 Mon.flung.hist.1)1pi.l
1520 3658 1598 3728 ,9111
1616 3659 1658 3712 ab·
1666 3662 1744 3731 salso
1757 3660 1793 3711 ad
1803 3675 1830 3714 a.
1844 3659 1919 3716 lm
1936 3688 1970 3699 -
1990 3659 2049 3716 ·Ex
2060 3665 2147 3730 pane
2159 3662 2356 3720 dilectorum·

846 3761 926 3829 (8498
955 3760 1104 3842 Abbatein
1122 3765 1153 3816 et
1170 3762 1349 3840 conventum
1367 3757 1541 3840 monasterii
1559 3759 1596 3814 de
1614 3759 1680 3816 lues
1692 3757 1895 3840 Praemoiistr.
1913 3758 1975 3841 ord
1994 3759 2029 3829 (s.
2042 3759 2162 3841 Martini
2175 3761 2285 3844 Montis
2296 3763 2357 3844 11ςί)

820 3766 823 3915 ι
881 3760 938 3886 suli
957 3827 985 3884 b.
1002 3827 1084 3884 Petri
1102 3832 1132 3884 et
1150 3843 1207 3884 sua
1223 3834 1409 3911 protectione
1426 3830 1552 3897 suscipit
1569 3842 1731 3898 omnesque
1749 3842 1813 3883 eius
1830 3841 2050 3898 possessiones
2067 3845 2134 3884 iura
2151 3845 2188 3886 ac
2206 3833 2358 3912 privilegis

881 3896 1048 3954 confirmat.
1083 3895 1124 3952 ld
1136 3895 1224 3952 Mart.
1236 3911 1268 3952 e⁰
1280 3895 1320 3952 3⁰.
1337 3908 1346 3964 )
1363 3893 1450 3962 Hugc
1467 3894 1575 3950 Annel.
1593 3893 1796 3952 Praemoustr.
1808 3895 1841 3950 ll.
1858 3895 1943 3966 prob.
1957 3896 2014 3952 191).
2032 3927 2066 3935 -
2086 3895 2174 3954 ·Cum
2192 3914 2213 3953 a
2231 3900 2336 3957 nobis.-

846 3997 862 4029 ·
880 3995 969 4066 (8499)
988 3993 1098 4076 Abbati
1117 3994 1147 4052 S.
1158 3993 1246 4050 Pauli
1264 3997 1294 4052 et
1311 3992 1433 4052 decanis
1451 3995 1489 4051 de
1506 3993 1715 4076 SoliojMaric
1731 3994 1862 4118 sealdet
1880 3995 1916 4051 de
1935 3995 2141 4076 Wallieuiarct
2156 4013 2281 4078 causam
2298 4014 2359 4080 rer-

819 4114 822 4155 Ι
879 4067 993 4120 tentem
1012 4068 1091 4119 inter
1107 4063 1501 4144 abbatemconventumque
1519 4061 1700 4143 devictoris
1717 4067 1749 4144 et
1765 4079 1794 4118 m
1818 4067 1890 4119 item
1903 4063 2051 4145 quondam
2063 4065 2269 4135 Aquilegieiis.
2285 4068 2356 4147 dioc.

880 4147 974 4202 super
990 4131 1117 4202 quodam
1137 4131 1214 4187 bono
1231 4147 1275 4187 eis
1293 4145 1311 4187 e
1329 4132 1366 4186 cl.
1384 4146 1471 4214 meni.
1489 4130 1659 4186 marchione
1676 4131 1783 4186 istriae
1801 4145 1944 4187 concesso
1957 4133 2176 4218 terminandam
2195 4141 2356 4215 committit.

819 4172 822 4287 )
881 4199 1020 4282 inpiae.
1032 4215 1065 4256 ao
1077 4201 1116 4256 ιο.
1135 4208 1137 4219 ’
1160 4200 1270 4256 ironiv
1288 4199 1307 4255 i.
1325 4198 1431 4255 nunde
1448 4200 1556 4254 estem
1574 4197 1828 4260 ceseii-cuelin
1841 4198 1955 4256 xxvii
1968 4200 2027 4257 ise.
2045 4203 2148 4258 none
2167 4233 2202 4241 -
2223 4202 2355 4258 uicem

818 4302 821 4415 i
846 4269 1203 4432 (Sitilltilsdrcbiepiscopis,
1220 4350 1369 4422 episcopis
1387 4351 1418 4405 et
1435 4348 1606 4430 abbatibus,
1623 4347 1781 4430 prioribus·
1791 4352 1823 4404 et
1840 4347 1908 4405 aliis
1920 4349 2115 4430 ecclesiarum
2127 4352 2272 4433 praelatis
2283 4352 2356 4432 ordi·

819 4438 821 4541 l
880 4419 1416 4556 essentessent
1431 4417 2355 4556 evinceretle.=‘¹...⁰leiv.nelieeni

818 4546 821 4645 1
879 4560 945 4627 95¹3
964 4557 1077 4613 Buller.
1095 4571 1193 4625 magu.
1206 4553 1254 4610 lX.
1264 4555 1308 4612 46.
1324 4583 1359 4596 -
1379 4553 1541 4616 -Quoniam
1558 4554 1721 4610 abundavit
1737 4553 1902 4622 iniquitas.-

818 4684 820 4725 ι
845 4659 935 4731 (8501)
953 4655 1107 4780 ildeberto)
1125 4652 1309 4725 archiepisco
1331 4670 1348 4710 c
1367 4652 1567 4722 strigoniensi
1584 4655 1619 4734 et·
1632 4650 1832 4734 suffraganeis
1850 4653 1930 4734 eliis,
1947 4652 2116 4734 abbatibus,
2135 4655 2283 4736 prioribus
2301 4697 2308 4709 .
2326 4695 2356 4708 ..

880 4730 910 4782 et
932 4724 1000 4780 aiis
1025 4721 1221 4778 ecclesiarum
1244 4737 1319 4793 prae
1351 4721 1391 4778 tis
1416 4737 1471 4793 per
1489 4721 1550 4778 Stri
1572 4736 1724 4778 oniensein
1746 4735 1929 4793 provinciam
1952 4726 2124 4778 constitutis
2147 4740 2247 4795 praeci
2268 4729 2302 4792 it,
2324 4727 2355 4777 ut

880 4793 949 4850 illos
967 4790 1017 4862 qui
1036 4790 1259 4861 possessiones,
1281 4805 1332 4846 res
1354 4790 1403 4844 vel
1426 4790 1531 4845 domos
1597 4792 1678 4845 trum
1696 4789 1870 4845 monasterii
1887 4790 1924 4846 de
1942 4789 2043 4846 Monte
2062 4806 2086 4846 S.
2105 4791 2218 4848 blariae
2236 4792 2355 4848 t'terc.

818 4902 820 4923 ,
880 4861 943 4916 οιι1.
960 4859 1008 4915 vel
1026 4873 1130 4914 eorum
1148 4857 1298 4914 bominum
1316 4857 1518 4914 irreverenter
1539 4857 1704 4914 invaserint
1727 4864 1786 4920 etc,
1810 4857 1837 4912 si
1855 4855 1923 4914 laici
1940 4857 2065 4926 inerint,
2089 4859 2209 4929 publice
2226 4859 2354 4916 candelis

878 4926 1015 4984 accensis
1032 4925 1346 4983 excommnuicationis
1363 4925 1514 4984 sententia
1530 4926 1711 4997 percellant,
1731 4924 1759 4982 si
1775 4941 1846 4982 vcro
1865 4925 1966 4982 elerici
1983 4925 2031 4982 vel
2049 4927 2184 4985 canonici
2203 4928 2354 4996 regulares

878 4996 928 5053 vel
951 4993 1087 5052 monecbi
1109 4993 1222 5050 luerint
1259 5009 1311 5051 eos
1334 4994 1373 5050 ab
1391 4993 1490 5050 otllolo
1508 4996 1539 5050 et
1562 4993 1705 5050 beneficio
1728 4995 1923 5063 suspendant.
1956 4994 2059 5050 nkal.
2070 4996 2143 5118 w
2155 5011 2187 5051 eo
2199 4998 2238 5052 4⁰.
2254 4999 2262 5064 (
2278 4995 2352 5050 Mon

879 5059 1194 5204 {igisffimdlgffitiel‘lipl
1205 5033 1253 5118 l'l.
1270 5061 1337 5132 2853
1362 5080 1414 5115 non
1432 5068 1534 5133 intem
1551 5077 1600 5132 ap.
1616 5061 1777 5119 Fuxholler
1794 5062 1921 5118 Monast.
1940 5062 1971 5117 11.
1991 5061 2041 5119 1oe
2059 5062 2068 5131 (

844 5235 861 5267 ⁸
879 5232 972 5358 {mg
986 5229 1159 5287 Eberhardo
1177 5229 1401 5310 ercliiepiscopo
1420 5228 1650 5312 salzburgensi,
1673 5227 1737 5284 eius
1759 5227 1962 5308 suffraganeis
1986 5232 2017 5284 et
2042 5229 2181 5310 universo
2204 5231 2280 5312 olere
2339 5242 2355 5282 r

903 5303 951 5358 elz
973 5315 1133 5370 urgenscm
1152 5313 1335 5369 provinciam
1353 5301 1526 5354 constitutis
1543 5296 1679 5363 mandat,
1701 5299 1735 5353 iit
1757 5311 1914 5352 invasores
1932 5301 2105 5353 monastern
2123 5297 2160 5354 de
2178 5298 2304 5354 Libenve
2317 5297 2352 5351 de

2132 5063 2192 5134 ia).
2215 5095 2246 5102 —
2271 5062 2348 5117 dion

880 5373 956 5427 =tam
975 5367 1012 5425 de
1035 5365 1243 5438 Frequentibus
1266 5362 1382 5422 iniuriis
1397 5380 1490 5490 gnam
1508 5365 1545 5422 de
1568 5364 1817 5446 ipsocottidiano
1835 5364 1953 5445 delectu
1977 5363 2109 5448 iustitiae
2130 5365 2351 5448 conquerentis·

817 5448 820 5491 ι
879 5443 931 5496 aut
949 5437 1000 5508 qui
1018 5435 1241 5518 possessiones,
1263 5449 1314 5490 res
1331 5434 1381 5488 vel
1417 5449 1502 5490 omos
1519 5433 1585 5490 eius
1609 5437 1719 5490 iniuste
1737 5433 1920 5489 detinuerint
1936 5439 1996 5498 eto,
2021 5449 2047 5490 si
2071 5433 2137 5514 laici
2163 5435 2283 5502 suerint,
2307 5447 2355 5486 ox·

817 5500 820 5549 ἲ
879 5507 1110 5573 communicent,
1131 5501 1157 5558 si
1175 5501 1290 5570 clerici,
1307 5500 1347 5557 nb
1364 5501 1462 5558 cilicio
1480 5501 1667 5572 suspendent
1705 5501 1800 5558 donec
1818 5500 1910 5557 laesis
1928 5501 2137 5558 satisfecerint
2173 5519 2202 5558 xi
2214 5501 2270 5558 kal
2281 5501 2354 5570 Apr.

817 5554 819 5625 ἶ
879 5591 910 5630 ιο
923 5576 962 5630 4ο.
979 5575 987 5608 l
1006 5572 1172 5628 Hnntbnler
1188 5569 1343 5625 Recensus
1357 5569 1376 5624 l.
1387 5570 1419 5634 83
1437 5569 1555 5625 Meiller
1571 5569 1644 5638 Reg.
1663 5542 1717 5625 der
1734 5569 1834 5626 Salzb.
1852 5568 2002 5626 Frzbiscli.
2013 5569 2074 5626 246.
2092 5585 2124 5624 na
2135 5570 2195 5626 396.
