<?xml version="1.0" encoding="UTF-8"?>
<!DOCTYPE html PUBLIC "-//W3C//DTD XHTML 1.0 Transitional//EN"
    "http://www.w3.org/TR/xhtml1/DTD/xhtml1-transitional.dtd">
<html xmlns="http://www.w3.org/1999/xhtml" xml:lang="en" lang="en">
 <head>
  <title>
</title>
<meta http-equiv="Content-Type" content="text/html;charset=utf-8" />
  <meta name='ocr-system' content='tesseract 3.04.00' />
  <meta name='ocr-capabilities' content='ocr_page ocr_carea ocr_par ocr_line ocrx_word'/>
</head>
<body>
  <div class='ocr_page' id='page_1' title='image "./regestapontific00popegoog/regestapontific00popegoog_0013.png"; bbox 0 0 5060 6532; ppageno 0'>
   <div class='ocr_carea' id='block_1_1' title="bbox 1071 637 2195 703">
    <p class='ocr_par' dir='ltr' id='par_1_1' title="bbox 1071 637 2195 703">
     <span class='ocr_line' id='line_1_1' title="bbox 1071 637 2195 703; baseline 0.009 -10"><span class='ocrx_word' id='word_1_1' title='bbox 1071 637 1340 695; x_wconf 81' lang='lat' dir='ltr'><strong>PRAEFATlO.</strong></span> <span class='ocrx_word' id='word_1_2' title='bbox 2129 647 2195 703; x_wconf 86' lang='lat' dir='ltr'><strong>Vll</strong></span> 
     </span>
    </p>
   </div>
   <div class='ocr_carea' id='block_1_2' title="bbox 193 814 2200 2622">
    <p class='ocr_par' dir='ltr' id='par_1_2' title="bbox 216 814 2200 1652">
     <span class='ocr_line' id='line_1_2' title="bbox 216 814 2198 902; baseline 0.003 -25"><span class='ocrx_word' id='word_1_3' title='bbox 216 822 275 878; x_wconf 90' lang='lat' dir='ltr'><strong>aut</strong></span> <span class='ocrx_word' id='word_1_4' title='bbox 296 836 315 878; x_wconf 92' lang='lat' dir='ltr'><strong>a</strong></span> <span class='ocrx_word' id='word_1_5' title='bbox 336 835 448 878; x_wconf 91' lang='lat' dir='ltr'><strong>mense</strong></span> <span class='ocrx_word' id='word_1_6' title='bbox 470 814 623 879; x_wconf 91' lang='lat' dir='ltr'><strong>Ianuario</strong></span> <span class='ocrx_word' id='word_1_7' title='bbox 645 822 817 878; x_wconf 87' lang='lat' dir='ltr'><strong>numerata</strong></span> <span class='ocrx_word' id='word_1_8' title='bbox 838 815 895 892; x_wconf 82' lang='lat' dir='ltr'><strong>sit3</strong></span> <span class='ocrx_word' id='word_1_9' title='bbox 916 814 1022 877; x_wconf 92' lang='lat' dir='ltr'><strong>multo</strong></span> <span class='ocrx_word' id='word_1_10' title='bbox 1044 814 1158 899; x_wconf 88' lang='lat' dir='ltr'><strong>plures</strong></span> <span class='ocrx_word' id='word_1_11' title='bbox 1180 816 1405 900; x_wconf 88' lang='lat' dir='ltr'><strong>reperiuntur,</strong></span> <span class='ocrx_word' id='word_1_12' title='bbox 1432 837 1474 880; x_wconf 86' lang='lat' dir='ltr'><strong>ex</strong></span> <span class='ocrx_word' id='word_1_13' title='bbox 1496 815 1618 900; x_wconf 92' lang='lat' dir='ltr'><strong>quibus</strong></span> <span class='ocrx_word' id='word_1_14' title='bbox 1639 815 1853 880; x_wconf 82' lang='lat' dir='ltr'><strong>indictionem</strong></span> <span class='ocrx_word' id='word_1_15' title='bbox 1876 817 2058 902; x_wconf 90' lang='lat' dir='ltr'><strong>aliquando</strong></span> <span class='ocrx_word' id='word_1_16' title='bbox 2080 818 2134 882; x_wconf 87' lang='lat' dir='ltr'><strong>vel</strong></span> <span class='ocrx_word' id='word_1_17' title='bbox 2155 819 2198 882; x_wconf 91' lang='lat' dir='ltr'><strong>ab</strong></span> 
     </span>
     <span class='ocr_line' id='line_1_3' title="bbox 218 920 2196 1008; baseline 0.002 -22"><span class='ocrx_word' id='word_1_18' title='bbox 218 921 356 986; x_wconf 83' lang='lat' dir='ltr'><strong>Octobri</strong></span> <span class='ocrx_word' id='word_1_19' title='bbox 376 920 432 985; x_wconf 89' lang='lat' dir='ltr'><strong>vel</strong></span> <span class='ocrx_word' id='word_1_20' title='bbox 459 942 479 984; x_wconf 93' lang='lat' dir='ltr'><strong>a</strong></span> <span class='ocrx_word' id='word_1_21' title='bbox 498 921 679 985; x_wconf 85' lang='lat' dir='ltr'><strong>Novembri</strong></span> <span class='ocrx_word' id='word_1_22' title='bbox 702 920 757 984; x_wconf 92' lang='lat' dir='ltr'><strong>vel</strong></span> <span class='ocrx_word' id='word_1_23' title='bbox 778 941 799 984; x_wconf 88' lang='lat' dir='ltr'><strong>a</strong></span> <span class='ocrx_word' id='word_1_24' title='bbox 818 920 992 986; x_wconf 88' lang='lat' dir='ltr'><strong>Decembri</strong></span> <span class='ocrx_word' id='word_1_25' title='bbox 1018 943 1132 986; x_wconf 90' lang='lat' dir='ltr'><strong>mense</strong></span> <span class='ocrx_word' id='word_1_26' title='bbox 1160 931 1325 1006; x_wconf 78' lang='lat' dir='ltr'><strong>sumptam</strong></span> <span class='ocrx_word' id='word_1_27' title='bbox 1345 923 1448 988; x_wconf 87' lang='lat' dir='ltr'><strong>fuisse</strong></span> <span class='ocrx_word' id='word_1_28' title='bbox 1469 924 1604 1008; x_wconf 88' lang='lat' dir='ltr'><strong>probari</strong></span> <span class='ocrx_word' id='word_1_29' title='bbox 1627 931 1748 1008; x_wconf 91' lang='lat' dir='ltr'><strong>potest.</strong></span> <span class='ocrx_word' id='word_1_30' title='bbox 1799 923 1955 1001; x_wconf 79' lang='lat' dir='ltr'><strong>Constat,</strong></span> <span class='ocrx_word' id='word_1_31' title='bbox 1982 925 2196 990; x_wconf 84' lang='lat' dir='ltr'><strong>indictionem</strong></span> 
     </span>
     <span class='ocr_line' id='line_1_4' title="bbox 217 1027 2197 1118; baseline 0.002 -26"><span class='ocrx_word' id='word_1_32' title='bbox 217 1027 305 1092; x_wconf 68' lang='lat' dir='ltr'><strong>xm</strong></span> <span class='ocrx_word' id='word_1_33' title='bbox 328 1051 401 1093; x_wconf 89' lang='lat' dir='ltr'><strong>eum</strong></span> <span class='ocrx_word' id='word_1_34' title='bbox 424 1029 550 1094; x_wconf 91' lang='lat' dir='ltr'><strong>decimo</strong></span> <span class='ocrx_word' id='word_1_35' title='bbox 572 1030 756 1093; x_wconf 88' lang='lat' dir='ltr'><strong>Innocentii</strong></span> <span class='ocrx_word' id='word_1_36' title='bbox 771 1029 820 1092; x_wconf 95' lang='lat' dir='ltr'><strong>lll</strong></span> <span class='ocrx_word' id='word_1_37' title='bbox 842 1029 1055 1114; x_wconf 89' lang='lat' dir='ltr'><strong>pontificatus</strong></span> <span class='ocrx_word' id='word_1_38' title='bbox 1083 1050 1170 1092; x_wconf 89' lang='lat' dir='ltr'><strong>anno</strong></span> <span class='ocrx_word' id='word_1_39' title='bbox 1193 1052 1397 1094; x_wconf 87' lang='lat' dir='ltr'><strong>concurrere.</strong></span> <span class='ocrx_word' id='word_1_40' title='bbox 1442 1029 1569 1094; x_wconf 84' lang='lat' dir='ltr'><strong>Verum</strong></span> <span class='ocrx_word' id='word_1_41' title='bbox 1591 1053 1632 1094; x_wconf 88' lang='lat' dir='ltr'><strong>ex</strong></span> <span class='ocrx_word' id='word_1_42' title='bbox 1660 1039 1791 1117; x_wconf 86' lang='lat' dir='ltr'><strong>regesto</strong></span> <span class='ocrx_word' id='word_1_43' title='bbox 1819 1032 1895 1095; x_wconf 88' lang='lat' dir='ltr'><strong>anni</strong></span> <span class='ocrx_word' id='word_1_44' title='bbox 1919 1031 2064 1097; x_wconf 90' lang='lat' dir='ltr'><strong>eiusdem</strong></span> <span class='ocrx_word' id='word_1_45' title='bbox 2086 1033 2197 1118; x_wconf 90' lang='lat' dir='ltr'><strong>ponti-</strong></span> 
     </span>
     <span class='ocr_line' id='line_1_5' title="bbox 219 1135 2197 1226; baseline 0.003 -27"><span class='ocrx_word' id='word_1_46' title='bbox 219 1137 334 1201; x_wconf 85' lang='lat' dir='ltr'><strong>ficatus</strong></span> <span class='ocrx_word' id='word_1_47' title='bbox 357 1137 474 1202; x_wconf 80' lang='lat' dir='ltr'><strong>decimi</strong></span> <span class='ocrx_word' id='word_1_48' title='bbox 496 1137 669 1202; x_wconf 87' lang='lat' dir='ltr'><strong>manifeste</strong></span> <span class='ocrx_word' id='word_1_49' title='bbox 691 1136 872 1223; x_wconf 86' lang='lat' dir='ltr'><strong>colligitur,</strong></span> <span class='ocrx_word' id='word_1_50' title='bbox 899 1137 1001 1201; x_wconf 84' lang='lat' dir='ltr'><strong>talem</strong></span> <span class='ocrx_word' id='word_1_51' title='bbox 1022 1139 1108 1201; x_wconf 90' lang='lat' dir='ltr'><strong>inter</strong></span> <span class='ocrx_word' id='word_1_52' title='bbox 1129 1137 1308 1221; x_wconf 71' lang='lat' dir='ltr'><strong>scriptores</strong></span> <span class='ocrx_word' id='word_1_53' title='bbox 1330 1135 1532 1222; x_wconf 88' lang='lat' dir='ltr'><strong>apostolicos</strong></span> <span class='ocrx_word' id='word_1_54' title='bbox 1554 1137 1736 1210; x_wconf 86' lang='lat' dir='ltr'><strong>invaluisse</strong></span> <span class='ocrx_word' id='word_1_55' title='bbox 1762 1159 1920 1216; x_wconf 90' lang='lat' dir='ltr'><strong>errorem,</strong></span> <span class='ocrx_word' id='word_1_56' title='bbox 1948 1153 1987 1203; x_wconf 91' lang='lat' dir='ltr'><strong>ut</strong></span> <span class='ocrx_word' id='word_1_57' title='bbox 2007 1161 2068 1226; x_wconf 90' lang='lat' dir='ltr'><strong>per</strong></span> <span class='ocrx_word' id='word_1_58' title='bbox 2089 1149 2197 1205; x_wconf 90' lang='lat' dir='ltr'><strong>totum</strong></span> 
     </span>
     <span class='ocr_line' id='line_1_6' title="bbox 217 1242 2197 1334; baseline 0.003 -27"><span class='ocrx_word' id='word_1_59' title='bbox 217 1243 310 1308; x_wconf 89' lang='lat' dir='ltr'><strong>illum</strong></span> <span class='ocrx_word' id='word_1_60' title='bbox 333 1266 455 1308; x_wconf 88' lang='lat' dir='ltr'><strong>annum</strong></span> <span class='ocrx_word' id='word_1_61' title='bbox 484 1245 698 1329; x_wconf 90' lang='lat' dir='ltr'><strong>pontificatus</strong></span> <span class='ocrx_word' id='word_1_62' title='bbox 719 1243 881 1318; x_wconf 90' lang='lat' dir='ltr'><strong>decimum</strong></span> <span class='ocrx_word' id='word_1_63' title='bbox 903 1266 977 1308; x_wconf 90' lang='lat' dir='ltr'><strong>eum</strong></span> <span class='ocrx_word' id='word_1_64' title='bbox 1003 1265 1092 1310; x_wconf 90' lang='lat' dir='ltr'><strong>anno</strong></span> <span class='ocrx_word' id='word_1_65' title='bbox 1120 1244 1355 1308; x_wconf 80' lang='lat' dir='ltr'><strong>incarnationis</strong></span> <span class='ocrx_word' id='word_1_66' title='bbox 1377 1242 1559 1309; x_wconf 82' lang='lat' dir='ltr'><strong>dominicae</strong></span> <span class='ocrx_word' id='word_1_67' title='bbox 1583 1245 1662 1309; x_wconf 84' lang='lat'>1207</span> <span class='ocrx_word' id='word_1_68' title='bbox 1684 1246 1820 1310; x_wconf 83' lang='lat' dir='ltr'><strong>indictio</strong></span> <span class='ocrx_word' id='word_1_69' title='bbox 1841 1245 1907 1310; x_wconf 84' lang='lat' dir='ltr'><strong>IX·</strong></span> <span class='ocrx_word' id='word_1_70' title='bbox 1927 1245 2197 1334; x_wconf 64' lang='lat' dir='ltr'><strong>coniungeretur‘:</strong></span> 
     </span>
     <span class='ocr_line' id='line_1_7' title="bbox 218 1349 2198 1439; baseline 0.002 -23"><span class='ocrx_word' id='word_1_71' title='bbox 218 1351 320 1416; x_wconf 89' lang='lat' dir='ltr'><strong>semel</strong></span> <span class='ocrx_word' id='word_1_72' title='bbox 347 1352 443 1416; x_wconf 90' lang='lat' dir='ltr'><strong>etiam</strong></span> <span class='ocrx_word' id='word_1_73' title='bbox 469 1350 564 1414; x_wconf 84' lang='lat' dir='ltr'><strong>Vlll·</strong></span> <span class='ocrx_word' id='word_1_74' title='bbox 591 1353 661 1435; x_wconf 79' lang='lat' dir='ltr'><strong>(eid.</strong></span> <span class='ocrx_word' id='word_1_75' title='bbox 683 1367 719 1414; x_wconf 88' lang='lat' dir='ltr'><strong>n⁰</strong></span> <span class='ocrx_word' id='word_1_76' title='bbox 739 1353 850 1435; x_wconf 80' lang='lat'><strong>3157),</strong></span> <span class='ocrx_word' id='word_1_77' title='bbox 880 1351 960 1436; x_wconf 90' lang='lat' dir='ltr'><strong>quin</strong></span> <span class='ocrx_word' id='word_1_78' title='bbox 987 1352 1085 1416; x_wconf 92' lang='lat' dir='ltr'><strong>immo</strong></span> <span class='ocrx_word' id='word_1_79' title='bbox 1114 1349 1280 1415; x_wconf 91' lang='lat' dir='ltr'><strong>interdum</strong></span> <span class='ocrx_word' id='word_1_80' title='bbox 1308 1351 1373 1416; x_wconf 82' lang='lat' dir='ltr'><strong>XI·</strong></span> <span class='ocrx_word' id='word_1_81' title='bbox 1399 1353 1471 1436; x_wconf 82' lang='lat' dir='ltr'><strong>(oid.</strong></span> <span class='ocrx_word' id='word_1_82' title='bbox 1494 1376 1566 1438; x_wconf 76' lang='lat' dir='ltr'><strong>ap.</strong></span> <span class='ocrx_word' id='word_1_83' title='bbox 1589 1353 1750 1438; x_wconf 80' lang='lat'><strong>1103215).</strong></span> <span class='ocrx_word' id='word_1_84' title='bbox 1801 1353 1868 1418; x_wconf 89' lang='lat' dir='ltr'><strong>Sed</strong></span> <span class='ocrx_word' id='word_1_85' title='bbox 1896 1375 1981 1439; x_wconf 90' lang='lat' dir='ltr'><strong>quae</strong></span> <span class='ocrx_word' id='word_1_86' title='bbox 2007 1354 2049 1420; x_wconf 91' lang='lat' dir='ltr'><strong>de</strong></span> <span class='ocrx_word' id='word_1_87' title='bbox 2075 1354 2140 1419; x_wconf 89' lang='lat' dir='ltr'><strong>hac</strong></span> <span class='ocrx_word' id='word_1_88' title='bbox 2161 1377 2198 1420; x_wconf 86' lang='lat' dir='ltr'><strong>re</strong></span> 
     </span>
     <span class='ocr_line' id='line_1_8' title="bbox 218 1458 2200 1548; baseline 0.002 -24"><span class='ocrx_word' id='word_1_89' title='bbox 218 1467 252 1524; x_wconf 88' lang='lat' dir='ltr'><strong>ct</strong></span> <span class='ocrx_word' id='word_1_90' title='bbox 272 1459 488 1546; x_wconf 82' lang='lat' dir='ltr'><strong>chronologia</strong></span> <span class='ocrx_word' id='word_1_91' title='bbox 510 1459 724 1540; x_wconf 82' lang='lat' dir='ltr'><strong>cancellariae</strong></span> <span class='ocrx_word' id='word_1_92' title='bbox 748 1459 952 1544; x_wconf 89' lang='lat' dir='ltr'><strong>apostolieae</strong></span> <span class='ocrx_word' id='word_1_93' title='bbox 973 1459 1080 1524; x_wconf 81' lang='lat' dir='ltr'><strong>fusius</strong></span> <span class='ocrx_word' id='word_1_94' title='bbox 1107 1458 1281 1536; x_wconf 86' lang='lat' dir='ltr'><strong>disseram,</strong></span> <span class='ocrx_word' id='word_1_95' title='bbox 1310 1459 1375 1522; x_wconf 84' lang='lat' dir='ltr'><strong>alio</strong></span> <span class='ocrx_word' id='word_1_96' title='bbox 1406 1459 1479 1522; x_wconf 93' lang='lat' dir='ltr'><strong>loco</strong></span> <span class='ocrx_word' id='word_1_97' title='bbox 1507 1460 1697 1544; x_wconf 87' lang='lat' dir='ltr'><strong>prodibunt.</strong></span> <span class='ocrx_word' id='word_1_98' title='bbox 1720 1497 1762 1509; x_wconf 90' lang='lat'><em>-</em></span> <span class='ocrx_word' id='word_1_99' title='bbox 1785 1461 1970 1546; x_wconf 87' lang='lat' dir='ltr'><strong>Sequentes</strong></span> <span class='ocrx_word' id='word_1_100' title='bbox 1997 1483 2103 1548; x_wconf 87' lang='lat' dir='ltr'><strong>papae</strong></span> <span class='ocrx_word' id='word_1_101' title='bbox 2130 1462 2200 1528; x_wconf 85' lang='lat' dir='ltr'><strong>fere</strong></span> 
     </span>
     <span class='ocr_line' id='line_1_9' title="bbox 218 1566 1237 1652; baseline -0.001 -21"><span class='ocrx_word' id='word_1_102' title='bbox 218 1589 332 1632; x_wconf 92' lang='lat' dir='ltr'><strong>omnes</strong></span> <span class='ocrx_word' id='word_1_103' title='bbox 353 1566 566 1649; x_wconf 84' lang='lat' dir='ltr'><strong>indictionem</strong></span> <span class='ocrx_word' id='word_1_104' title='bbox 589 1587 609 1630; x_wconf 88' lang='lat' dir='ltr'><strong>a</strong></span> <span class='ocrx_word' id='word_1_105' title='bbox 629 1588 743 1631; x_wconf 89' lang='lat' dir='ltr'><strong>mense</strong></span> <span class='ocrx_word' id='word_1_106' title='bbox 764 1566 950 1652; x_wconf 79' lang='lat' dir='ltr'><strong>Septembri</strong></span> <span class='ocrx_word' id='word_1_107' title='bbox 972 1578 1237 1632; x_wconf 85' lang='lat' dir='ltr'><strong>numeraverunt.</strong></span> 
     </span>
    </p>

    <p class='ocr_par' dir='ltr' id='par_1_3' title="bbox 193 1667 2198 2074">
     <span class='ocr_line' id='line_1_10' title="bbox 353 1667 2198 1762; baseline 0.002 -24"><span class='ocrx_word' id='word_1_108' title='bbox 353 1667 645 1738; x_wconf 83' lang='lat' dir='ltr'><strong>Addendorum</strong></span> <span class='ocrx_word' id='word_1_109' title='bbox 666 1675 827 1738; x_wconf 83' lang='lat' dir='ltr'><strong>mantissa</strong></span> <span class='ocrx_word' id='word_1_110' title='bbox 848 1674 891 1738; x_wconf 89' lang='lat' dir='ltr'><strong>ad</strong></span> <span class='ocrx_word' id='word_1_111' title='bbox 912 1675 1010 1738; x_wconf 90' lang='lat' dir='ltr'><strong>finem</strong></span> <span class='ocrx_word' id='word_1_112' title='bbox 1033 1674 1209 1738; x_wconf 84' lang='lat' dir='ltr'><strong>subiuncta</strong></span> <span class='ocrx_word' id='word_1_113' title='bbox 1228 1674 1385 1749; x_wconf 90' lang='lat' dir='ltr'><strong>habetur,</strong></span> <span class='ocrx_word' id='word_1_114' title='bbox 1407 1686 1447 1740; x_wconf 92' lang='lat' dir='ltr'><strong>ut</strong></span> <span class='ocrx_word' id='word_1_115' title='bbox 1467 1695 1528 1762; x_wconf 89' lang='lat' dir='ltr'><strong>per</strong></span> <span class='ocrx_word' id='word_1_116' title='bbox 1549 1675 1756 1762; x_wconf 80' lang='lat' dir='ltr'><strong>frequentem</strong></span> <span class='ocrx_word' id='word_1_117' title='bbox 1779 1676 1908 1740; x_wconf 86' lang='lat' dir='ltr'><strong>turbam</strong></span> <span class='ocrx_word' id='word_1_118' title='bbox 1930 1675 1965 1741; x_wconf 91' lang='lat' dir='ltr'><strong>id</strong></span> <span class='ocrx_word' id='word_1_119' title='bbox 1986 1677 2116 1762; x_wconf 88' lang='lat' dir='ltr'><strong>generis</strong></span> <span class='ocrx_word' id='word_1_120' title='bbox 2138 1677 2198 1742; x_wconf 95' lang='lat' dir='ltr'><strong>do·</strong></span> 
     </span>
     <span class='ocr_line' id='line_1_11' title="bbox 217 1781 2197 1872; baseline 0.002 -26"><span class='ocrx_word' id='word_1_121' title='bbox 217 1789 445 1846; x_wconf 85' lang='lat' dir='ltr'><strong>camentorum</strong></span> <span class='ocrx_word' id='word_1_122' title='bbox 467 1803 620 1867; x_wconf 85' lang='lat' dir='ltr'><strong>quaeque</strong></span> <span class='ocrx_word' id='word_1_123' title='bbox 642 1781 759 1846; x_wconf 90' lang='lat' dir='ltr'><strong>oeulos</strong></span> <span class='ocrx_word' id='word_1_124' title='bbox 780 1803 872 1846; x_wconf 91' lang='lat' dir='ltr'><strong>meos</strong></span> <span class='ocrx_word' id='word_1_125' title='bbox 893 1783 986 1866; x_wconf 89' lang='lat' dir='ltr'><strong>prius</strong></span> <span class='ocrx_word' id='word_1_126' title='bbox 1007 1781 1197 1868; x_wconf 80' lang='lat' dir='ltr'><strong>delegerint</strong></span> <span class='ocrx_word' id='word_1_127' title='bbox 1218 1803 1370 1868; x_wconf 89' lang='lat' dir='ltr'><strong>quaeque</strong></span> <span class='ocrx_word' id='word_1_128' title='bbox 1398 1805 1472 1850; x_wconf 86' lang='lat' dir='ltr'><strong>sero</strong></span> <span class='ocrx_word' id='word_1_129' title='bbox 1499 1783 1645 1848; x_wconf 89' lang='lat' dir='ltr'><strong>indicata</strong></span> <span class='ocrx_word' id='word_1_130' title='bbox 1669 1783 1751 1846; x_wconf 90' lang='lat' dir='ltr'><strong>mihi</strong></span> <span class='ocrx_word' id='word_1_131' title='bbox 1778 1783 1916 1858; x_wconf 84' lang='lat' dir='ltr'><strong>fuerint,</strong></span> <span class='ocrx_word' id='word_1_132' title='bbox 1944 1805 2060 1871; x_wconf 87' lang='lat' dir='ltr'><strong>agmen</strong></span> <span class='ocrx_word' id='word_1_133' title='bbox 2088 1787 2197 1872; x_wconf 91' lang='lat' dir='ltr'><strong>ipsum</strong></span> 
     </span>
     <span class='ocr_line' id='line_1_12' title="bbox 217 1887 2198 1979; baseline 0.003 -28"><span class='ocrx_word' id='word_1_134' title='bbox 217 1889 376 1952; x_wconf 82' lang='lat' dir='ltr'><strong>clausisse</strong></span> <span class='ocrx_word' id='word_1_135' title='bbox 397 1889 537 1953; x_wconf 89' lang='lat' dir='ltr'><strong>viderer.</strong></span> <span class='ocrx_word' id='word_1_136' title='bbox 581 1887 700 1976; x_wconf 88' lang='lat' dir='ltr'><strong>Neque</strong></span> <span class='ocrx_word' id='word_1_137' title='bbox 727 1911 780 1954; x_wconf 89' lang='lat' dir='ltr'><strong>me</strong></span> <span class='ocrx_word' id='word_1_138' title='bbox 808 1890 973 1976; x_wconf 92' lang='lat' dir='ltr'><strong>poenituit</strong></span> <span class='ocrx_word' id='word_1_139' title='bbox 998 1889 1077 1954; x_wconf 93' lang='lat' dir='ltr'><strong>huic</strong></span> <span class='ocrx_word' id='word_1_140' title='bbox 1099 1889 1183 1954; x_wconf 92' lang='lat' dir='ltr'><strong>libro</strong></span> <span class='ocrx_word' id='word_1_141' title='bbox 1206 1900 1381 1955; x_wconf 85' lang='lat' dir='ltr'><strong>annectere</strong></span> <span class='ocrx_word' id='word_1_142' title='bbox 1403 1891 1747 1979; x_wconf 89' lang='lat' dir='ltr'><strong>Corrigendorum</strong></span> <span class='ocrx_word' id='word_1_143' title='bbox 1775 1890 1939 1979; x_wconf 78' lang='lat' dir='ltr'><strong>pagellaS,</strong></span> <span class='ocrx_word' id='word_1_144' title='bbox 1968 1893 2089 1978; x_wconf 88' lang='lat' dir='ltr'><strong>quibus</strong></span> <span class='ocrx_word' id='word_1_145' title='bbox 2117 1892 2198 1979; x_wconf 89' lang='lat' dir='ltr'><strong>quid</strong></span> 
     </span>
     <span class='ocr_line' id='line_1_13' title="bbox 193 1997 1683 2074; baseline 0.001 -14"><span class='ocrx_word' id='word_1_146' title='bbox 193 2028 198 2034; x_wconf 95' lang='lat'>·</span> <span class='ocrx_word' id='word_1_147' title='bbox 217 1999 251 2062; x_wconf 97' lang='lat' dir='ltr'><strong>in</strong></span> <span class='ocrx_word' id='word_1_148' title='bbox 273 1997 384 2062; x_wconf 91' lang='lat' dir='ltr'><strong>littera</strong></span> <span class='ocrx_word' id='word_1_149' title='bbox 405 1997 494 2061; x_wconf 84' lang='lat' dir='ltr'><strong>forte</strong></span> <span class='ocrx_word' id='word_1_150' title='bbox 515 1997 569 2060; x_wconf 91' lang='lat' dir='ltr'><strong>vel</strong></span> <span class='ocrx_word' id='word_1_151' title='bbox 593 2019 729 2061; x_wconf 93' lang='lat' dir='ltr'><strong>numero</strong></span> <span class='ocrx_word' id='word_1_152' title='bbox 751 1997 805 2062; x_wconf 88' lang='lat' dir='ltr'><strong>vel</strong></span> <span class='ocrx_word' id='word_1_153' title='bbox 827 1997 923 2062; x_wconf 89' lang='lat' dir='ltr'><strong>aliter</strong></span> <span class='ocrx_word' id='word_1_154' title='bbox 945 1997 1100 2062; x_wconf 89' lang='lat' dir='ltr'><strong>delictum</strong></span> <span class='ocrx_word' id='word_1_155' title='bbox 1123 1998 1237 2074; x_wconf 89' lang='lat' dir='ltr'><strong>l&#39;uerit,</strong></span> <span class='ocrx_word' id='word_1_156' title='bbox 1260 1999 1302 2061; x_wconf 90' lang='lat' dir='ltr'><strong>ab</strong></span> <span class='ocrx_word' id='word_1_157' title='bbox 1324 2001 1490 2064; x_wconf 89' lang='lat' dir='ltr'><strong>erroribus</strong></span> <span class='ocrx_word' id='word_1_158' title='bbox 1512 1998 1683 2063; x_wconf 88' lang='lat' dir='ltr'><strong>vindicem.</strong></span> 
     </span>
    </p>

    <p class='ocr_par' dir='ltr' id='par_1_4' title="bbox 219 2087 2200 2406">
     <span class='ocr_line' id='line_1_14' title="bbox 354 2087 2200 2192; baseline 0.001 -23"><span class='ocrx_word' id='word_1_159' title='bbox 354 2105 505 2189; x_wconf 89' lang='lat' dir='ltr'><strong>Denique</strong></span> <span class='ocrx_word' id='word_1_160' title='bbox 527 2104 646 2180; x_wconf 76' lang='lat' dir='ltr'><strong>libroS,</strong></span> <span class='ocrx_word' id='word_1_161' title='bbox 670 2105 790 2190; x_wconf 81' lang='lat' dir='ltr'><strong>quibu‘s</strong></span> <span class='ocrx_word' id='word_1_162' title='bbox 812 2127 894 2169; x_wconf 88' lang='lat' dir='ltr'><strong>usus</strong></span> <span class='ocrx_word' id='word_1_163' title='bbox 916 2127 988 2168; x_wconf 89' lang='lat' dir='ltr'><strong>sum</strong></span> <span class='ocrx_word' id='word_1_164' title='bbox 1011 2107 1044 2168; x_wconf 94' lang='lat' dir='ltr'><strong>in</strong></span> <span class='ocrx_word' id='word_1_165' title='bbox 1067 2105 1297 2189; x_wconf 90' lang='lat' dir='ltr'><strong>componendo</strong></span> <span class='ocrx_word' id='word_1_166' title='bbox 1318 2105 1385 2170; x_wconf 90' lang='lat' dir='ltr'><strong>hoe</strong></span> <span class='ocrx_word' id='word_1_167' title='bbox 1406 2127 1521 2192; x_wconf 89' lang='lat' dir='ltr'><strong>opere,</strong></span> <span class='ocrx_word' id='word_1_168' title='bbox 1549 2107 1585 2170; x_wconf 93' lang='lat' dir='ltr'><strong>in</strong></span> <span class='ocrx_word' id='word_1_169' title='bbox 1608 2106 1754 2171; x_wconf 91' lang='lat' dir='ltr'><strong>eiusdem</strong></span> <span class='ocrx_word' id='word_1_170' title='bbox 1778 2106 1844 2170; x_wconf 89' lang='lat' dir='ltr'><strong>fine</strong></span> <span class='ocrx_word' id='word_1_171' title='bbox 1866 2087 2057 2172; x_wconf 85' lang='lat' dir='ltr'><strong>enumerare</strong></span> <span class='ocrx_word' id='word_1_172' title='bbox 2079 2128 2200 2192; x_wconf 89' lang='lat' dir='ltr'><strong>operae</strong></span> 
     </span>
     <span class='ocr_line' id='line_1_15' title="bbox 219 2213 2199 2300; baseline 0.001 -24"><span class='ocrx_word' id='word_1_173' title='bbox 219 2213 360 2298; x_wconf 88' lang='lat' dir='ltr'><strong>pretium</strong></span> <span class='ocrx_word' id='word_1_174' title='bbox 383 2223 468 2290; x_wconf 80' lang='lat' dir='ltr'><strong>erat3</strong></span> <span class='ocrx_word' id='word_1_175' title='bbox 492 2213 641 2300; x_wconf 88' lang='lat' dir='ltr'><strong>singulos</strong></span> <span class='ocrx_word' id='word_1_176' title='bbox 657 2235 752 2289; x_wconf 91' lang='lat' dir='ltr'><strong>vero,</strong></span> <span class='ocrx_word' id='word_1_177' title='bbox 776 2214 953 2298; x_wconf 88' lang='lat' dir='ltr'><strong>exquibus</strong></span> <span class='ocrx_word' id='word_1_178' title='bbox 969 2213 1101 2278; x_wconf 89' lang='lat' dir='ltr'><strong>nonnisi</strong></span> <span class='ocrx_word' id='word_1_179' title='bbox 1116 2235 1219 2277; x_wconf 91' lang='lat' dir='ltr'><strong>unum</strong></span> <span class='ocrx_word' id='word_1_180' title='bbox 1234 2214 1289 2278; x_wconf 87' lang='lat' dir='ltr'><strong>vel</strong></span> <span class='ocrx_word' id='word_1_181' title='bbox 1304 2213 1371 2278; x_wconf 90' lang='lat' dir='ltr'><strong>duo</strong></span> <span class='ocrx_word' id='word_1_182' title='bbox 1394 2224 1523 2300; x_wconf 89' lang='lat' dir='ltr'><strong>regesta</strong></span> <span class='ocrx_word' id='word_1_183' title='bbox 1537 2214 1650 2290; x_wconf 90' lang='lat' dir='ltr'><strong>hausi,</strong></span> <span class='ocrx_word' id='word_1_184' title='bbox 1674 2213 1716 2278; x_wconf 89' lang='lat' dir='ltr'><strong>ob</strong></span> <span class='ocrx_word' id='word_1_185' title='bbox 1737 2213 1933 2278; x_wconf 79' lang='lat' dir='ltr'><strong>brevitatem</strong></span> <span class='ocrx_word' id='word_1_186' title='bbox 1956 2237 2023 2280; x_wconf 91' lang='lat' dir='ltr'><strong>non</strong></span> <span class='ocrx_word' id='word_1_187' title='bbox 2038 2215 2199 2287; x_wconf 90' lang='lat' dir='ltr'><strong>recensui,</strong></span> 
     </span>
     <span class='ocr_line' id='line_1_16' title="bbox 220 2321 1001 2406; baseline 0 -22"><span class='ocrx_word' id='word_1_188' title='bbox 220 2321 353 2406; x_wconf 91' lang='lat' dir='ltr'><strong>plenum</strong></span> <span class='ocrx_word' id='word_1_189' title='bbox 376 2332 484 2385; x_wconf 90' lang='lat' dir='ltr'><strong>autem</strong></span> <span class='ocrx_word' id='word_1_190' title='bbox 507 2321 639 2384; x_wconf 90' lang='lat' dir='ltr'><strong>titulum</strong></span> <span class='ocrx_word' id='word_1_191' title='bbox 662 2321 737 2385; x_wconf 88' lang='lat' dir='ltr'><strong>loeo</strong></span> <span class='ocrx_word' id='word_1_192' title='bbox 761 2344 821 2386; x_wconf 90' lang='lat' dir='ltr'><strong>suo</strong></span> <span class='ocrx_word' id='word_1_193' title='bbox 843 2321 1001 2386; x_wconf 90' lang='lat' dir='ltr'><strong>iuvenies.</strong></span> 
     </span>
    </p>

    <p class='ocr_par' dir='ltr' id='par_1_5' title="bbox 218 2427 2197 2622">
     <span class='ocr_line' id='line_1_17' title="bbox 354 2427 2197 2516; baseline 0.002 -24"><span class='ocrx_word' id='word_1_194' title='bbox 354 2427 437 2492; x_wconf 90' lang='lat' dir='ltr'><strong>Cum</strong></span> <span class='ocrx_word' id='word_1_195' title='bbox 460 2429 598 2492; x_wconf 84' lang='lat' dir='ltr'><strong>textoris</strong></span> <span class='ocrx_word' id='word_1_196' title='bbox 620 2451 740 2492; x_wconf 90' lang='lat' dir='ltr'><strong>munus</strong></span> <span class='ocrx_word' id='word_1_197' title='bbox 763 2429 900 2492; x_wconf 90' lang='lat' dir='ltr'><strong>obierim</strong></span> <span class='ocrx_word' id='word_1_198' title='bbox 922 2429 955 2491; x_wconf 93' lang='lat' dir='ltr'><strong>in</strong></span> <span class='ocrx_word' id='word_1_199' title='bbox 977 2428 1043 2492; x_wconf 89' lang='lat' dir='ltr'><strong>hoe</strong></span> <span class='ocrx_word' id='word_1_200' title='bbox 1065 2427 1152 2494; x_wconf 86' lang='lat' dir='ltr'><strong>libro</strong></span> <span class='ocrx_word' id='word_1_201' title='bbox 1175 2428 1431 2516; x_wconf 82' lang='lat' dir='ltr'><strong>compingenda,</strong></span> <span class='ocrx_word' id='word_1_202' title='bbox 1460 2451 1556 2495; x_wconf 89' lang='lat' dir='ltr'><strong>nemo</strong></span> <span class='ocrx_word' id='word_1_203' title='bbox 1579 2429 1640 2493; x_wconf 90' lang='lat' dir='ltr'><strong>erit</strong></span> <span class='ocrx_word' id='word_1_204' title='bbox 1663 2431 1719 2514; x_wconf 90' lang='lat' dir='ltr'><strong>qui</strong></span> <span class='ocrx_word' id='word_1_205' title='bbox 1741 2451 1792 2494; x_wconf 90' lang='lat' dir='ltr'><strong>me</strong></span> <span class='ocrx_word' id='word_1_206' title='bbox 1814 2437 1945 2516; x_wconf 91' lang='lat' dir='ltr'><strong>arguat,</strong></span> <span class='ocrx_word' id='word_1_207' title='bbox 1974 2431 2002 2494; x_wconf 92' lang='lat' dir='ltr'><strong>si</strong></span> <span class='ocrx_word' id='word_1_208' title='bbox 2023 2431 2098 2494; x_wconf 86' lang='lat' dir='ltr'><strong>rudi</strong></span> <span class='ocrx_word' id='word_1_209' title='bbox 2119 2431 2197 2495; x_wconf 88' lang='lat' dir='ltr'><strong>stilo</strong></span> 
     </span>
     <span class='ocr_line' id='line_1_18' title="bbox 218 2536 1225 2622; baseline 0.002 -22"><span class='ocrx_word' id='word_1_210' title='bbox 218 2557 394 2621; x_wconf 87' lang='lat' dir='ltr'><strong>crassaque</strong></span> <span class='ocrx_word' id='word_1_211' title='bbox 417 2537 569 2600; x_wconf 87' lang='lat' dir='ltr'><strong>Minerva</strong></span> <span class='ocrx_word' id='word_1_212' title='bbox 591 2557 629 2600; x_wconf 87' lang='lat' dir='ltr'><strong>ea</strong></span> <span class='ocrx_word' id='word_1_213' title='bbox 651 2557 736 2620; x_wconf 89' lang='lat' dir='ltr'><strong>quae</strong></span> <span class='ocrx_word' id='word_1_214' title='bbox 758 2538 882 2622; x_wconf 88' lang='lat' dir='ltr'><strong>scripta</strong></span> <span class='ocrx_word' id='word_1_215' title='bbox 903 2545 982 2600; x_wconf 89' lang='lat' dir='ltr'><strong>sunt</strong></span> <span class='ocrx_word' id='word_1_216' title='bbox 1003 2536 1103 2600; x_wconf 88' lang='lat' dir='ltr'><strong>dueta</strong></span> <span class='ocrx_word' id='word_1_217' title='bbox 1124 2537 1225 2601; x_wconf 82' lang='lat' dir='ltr'><strong>fuere.</strong></span> 
     </span>
    </p>
   </div>
   <div class='ocr_carea' id='block_1_3' title="bbox 354 2643 2290 2730">
    <p class='ocr_par' dir='ltr' id='par_1_6' title="bbox 354 2643 2290 2730">
     <span class='ocr_line' id='line_1_19' title="bbox 354 2643 2290 2730; baseline 0 -24"><span class='ocrx_word' id='word_1_218' title='bbox 354 2643 448 2708; x_wconf 91' lang='lat' dir='ltr'><strong>Viris</strong></span> <span class='ocrx_word' id='word_1_219' title='bbox 470 2645 607 2730; x_wconf 89' lang='lat' dir='ltr'><strong>egregiis</strong></span> <span class='ocrx_word' id='word_1_220' title='bbox 630 2644 687 2707; x_wconf 98' lang='lat' dir='ltr'><strong>Dr.</strong></span> <span class='ocrx_word' id='word_1_221' title='bbox 712 2643 753 2708; x_wconf 91' lang='lat' dir='ltr'><strong>H.</strong></span> <span class='ocrx_word' id='word_1_222' title='bbox 778 2643 949 2709; x_wconf 83' lang='lat' dir='ltr'><strong>Cardauns</strong></span> <span class='ocrx_word' id='word_1_223' title='bbox 972 2643 1123 2722; x_wconf 81' lang='lat' dir='ltr'><strong>Bonoso,</strong></span> <span class='ocrx_word' id='word_1_224' title='bbox 1152 2644 1270 2708; x_wconf 89' lang='lat' dir='ltr'><strong>clerieo</strong></span> <span class='ocrx_word' id='word_1_225' title='bbox 1292 2643 1394 2709; x_wconf 91' lang='lat' dir='ltr'><strong>Petro</strong></span> <span class='ocrx_word' id='word_1_226' title='bbox 1417 2644 1581 2708; x_wconf 86' lang='lat' dir='ltr'><strong>Pressutti</strong></span> <span class='ocrx_word' id='word_1_227' title='bbox 1604 2643 1742 2718; x_wconf 89' lang='lat' dir='ltr'><strong>Romae,</strong></span> <span class='ocrx_word' id='word_1_228' title='bbox 1765 2643 1823 2708; x_wconf 87' lang='lat' dir='ltr'><strong>Dr.</strong></span> <span class='ocrx_word' id='word_1_229' title='bbox 1847 2643 1885 2708; x_wconf 82' lang='lat' dir='ltr'><strong>lt.</strong></span> <span class='ocrx_word' id='word_1_230' title='bbox 1909 2643 2074 2709; x_wconf 82' lang='lat' dir='ltr'><strong>Rtibrieht</strong></span> <span class='ocrx_word' id='word_1_231' title='bbox 2095 2645 2197 2712; x_wconf 92' lang='lat' dir='ltr'><strong>Bero-</strong></span> <span class='ocrx_word' id='word_1_232' title='bbox 2288 2703 2290 2706; x_wconf 84' lang='lat'><strong>.</strong></span> 
     </span>
    </p>
   </div>
   <div class='ocr_carea' id='block_1_4' title="bbox 217 2749 2197 3698">
    <p class='ocr_par' dir='ltr' id='par_1_7' title="bbox 219 2749 2197 3052">
     <span class='ocr_line' id='line_1_20' title="bbox 220 2749 2196 2838; baseline 0.003 -24"><span class='ocrx_word' id='word_1_233' title='bbox 220 2753 292 2826; x_wconf 89' lang='lat' dir='ltr'><strong>lini,</strong></span> <span class='ocrx_word' id='word_1_234' title='bbox 316 2753 443 2836; x_wconf 87' lang='lat' dir='ltr'><strong>pastori</strong></span> <span class='ocrx_word' id='word_1_235' title='bbox 465 2751 550 2814; x_wconf 89' lang='lat' dir='ltr'><strong>cath.</strong></span> <span class='ocrx_word' id='word_1_236' title='bbox 567 2752 606 2814; x_wconf 79' lang='lat' dir='ltr'><strong>A.</strong></span> <span class='ocrx_word' id='word_1_237' title='bbox 623 2750 837 2816; x_wconf 88' lang='lat' dir='ltr'><strong>Schrammen</strong></span> <span class='ocrx_word' id='word_1_238' title='bbox 859 2753 892 2815; x_wconf 93' lang='lat' dir='ltr'><strong>in</strong></span> <span class='ocrx_word' id='word_1_239' title='bbox 915 2751 1041 2818; x_wconf 81' lang='lat' dir='ltr'><strong>Krelrel</strong></span> <span class='ocrx_word' id='word_1_240' title='bbox 1063 2754 1223 2838; x_wconf 86' lang='lat' dir='ltr'><strong>(provino.</strong></span> <span class='ocrx_word' id='word_1_241' title='bbox 1240 2752 1430 2838; x_wconf 84' lang='lat' dir='ltr'><strong>Rhenana),</strong></span> <span class='ocrx_word' id='word_1_242' title='bbox 1454 2752 1511 2816; x_wconf 88' lang='lat' dir='ltr'><strong>Dr.</strong></span> <span class='ocrx_word' id='word_1_243' title='bbox 1529 2751 1613 2817; x_wconf 93' lang='lat' dir='ltr'><strong>Lud.</strong></span> <span class='ocrx_word' id='word_1_244' title='bbox 1630 2750 1790 2815; x_wconf 88' lang='lat' dir='ltr'><strong>Weilend</strong></span> <span class='ocrx_word' id='word_1_245' title='bbox 1805 2749 1951 2816; x_wconf 90' lang='lat' dir='ltr'><strong>Berolini</strong></span> <span class='ocrx_word' id='word_1_246' title='bbox 1966 2761 1999 2816; x_wconf 89' lang='lat' dir='ltr'><strong>et</strong></span> <span class='ocrx_word' id='word_1_247' title='bbox 2016 2755 2196 2838; x_wconf 88' lang='lat' dir='ltr'><strong>professori</strong></span> 
     </span>
     <span class='ocr_line' id='line_1_21' title="bbox 219 2857 2197 2946; baseline 0 -24"><span class='ocrx_word' id='word_1_248' title='bbox 219 2859 275 2923; x_wconf 93' lang='lat' dir='ltr'><strong>Dr.</strong></span> <span class='ocrx_word' id='word_1_249' title='bbox 293 2859 354 2924; x_wconf 85' lang='lat' dir='ltr'><strong>Ed.</strong></span> <span class='ocrx_word' id='word_1_250' title='bbox 373 2857 610 2923; x_wconf 89' lang='lat' dir='ltr'><strong>Winkelmann</strong></span> <span class='ocrx_word' id='word_1_251' title='bbox 633 2859 887 2944; x_wconf 85' lang='lat' dir='ltr'><strong>Heidelbergae,</strong></span> <span class='ocrx_word' id='word_1_252' title='bbox 910 2883 1051 2944; x_wconf 60' lang='lat' dir='ltr'><strong>(luorum</strong></span> <span class='ocrx_word' id='word_1_253' title='bbox 1073 2861 1231 2926; x_wconf 89' lang='lat' dir='ltr'><strong>beneficia</strong></span> <span class='ocrx_word' id='word_1_254' title='bbox 1245 2861 1277 2924; x_wconf 91' lang='lat' dir='ltr'><strong>in</strong></span> <span class='ocrx_word' id='word_1_255' title='bbox 1294 2882 1402 2924; x_wconf 92' lang='lat' dir='ltr'><strong>meum</strong></span> <span class='ocrx_word' id='word_1_256' title='bbox 1426 2861 1544 2924; x_wconf 89' lang='lat' dir='ltr'><strong>librum</strong></span> <span class='ocrx_word' id='word_1_257' title='bbox 1566 2861 1705 2923; x_wconf 89' lang='lat' dir='ltr'><strong>maxime</strong></span> <span class='ocrx_word' id='word_1_258' title='bbox 1723 2868 1802 2923; x_wconf 87' lang='lat' dir='ltr'><strong>sunt</strong></span> <span class='ocrx_word' id='word_1_259' title='bbox 1815 2858 2051 2944; x_wconf 86' lang='lat' dir='ltr'><strong>praedicanda,</strong></span> <span class='ocrx_word' id='word_1_260' title='bbox 2073 2860 2197 2946; x_wconf 86' lang='lat' dir='ltr'><strong>gratias</strong></span> 
     </span>
     <span class='ocr_line' id='line_1_22' title="bbox 219 2967 2002 3052; baseline 0.001 -22"><span class='ocrx_word' id='word_1_261' title='bbox 219 2967 443 3032; x_wconf 82' lang='lat' dir='ltr'><strong>lubentissime</strong></span> <span class='ocrx_word' id='word_1_262' title='bbox 465 2967 630 3052; x_wconf 88' lang='lat' dir='ltr'><strong>persolvo.</strong></span> <span class='ocrx_word' id='word_1_263' title='bbox 1998 2967 2002 2982; x_wconf 89' lang='lat'>&#39;</span> 
     </span>
    </p>

    <p class='ocr_par' dir='ltr' id='par_1_8' title="bbox 218 3073 2195 3268">
     <span class='ocr_line' id='line_1_23' title="bbox 352 3073 2195 3163; baseline 0 -25"><span class='ocrx_word' id='word_1_264' title='bbox 352 3074 455 3139; x_wconf 91' lang='lat' dir='ltr'><strong>Pauci</strong></span> <span class='ocrx_word' id='word_1_265' title='bbox 482 3096 610 3158; x_wconf 87' lang='lat' dir='ltr'><strong>errores</strong></span> <span class='ocrx_word' id='word_1_266' title='bbox 638 3073 871 3162; x_wconf 79' lang='lat' dir='ltr'><strong>typograplrici</strong></span> <span class='ocrx_word' id='word_1_267' title='bbox 899 3077 956 3160; x_wconf 86' lang='lat' dir='ltr'><strong>qui</strong></span> <span class='ocrx_word' id='word_1_268' title='bbox 984 3084 1227 3152; x_wconf 86' lang='lat' dir='ltr'><strong>remanserunt,</strong></span> <span class='ocrx_word' id='word_1_269' title='bbox 1261 3076 1484 3139; x_wconf 89' lang='lat' dir='ltr'><strong>testimonium</strong></span> <span class='ocrx_word' id='word_1_270' title='bbox 1517 3075 1747 3163; x_wconf 88' lang='lat' dir='ltr'><strong>gravissimum</strong></span> <span class='ocrx_word' id='word_1_271' title='bbox 1781 3085 1860 3141; x_wconf 91' lang='lat' dir='ltr'><strong>sunt</strong></span> <span class='ocrx_word' id='word_1_272' title='bbox 1892 3075 2195 3140; x_wconf 83' lang='lat' dir='ltr'><strong>sollertissimorum</strong></span> 
     </span>
     <span class='ocr_line' id='line_1_24' title="bbox 218 3182 626 3268; baseline 0.005 -23"><span class='ocrx_word' id='word_1_273' title='bbox 218 3182 370 3246; x_wconf 85' lang='lat' dir='ltr'><strong>officinae</strong></span> <span class='ocrx_word' id='word_1_274' title='bbox 392 3185 626 3268; x_wconf 88' lang='lat' dir='ltr'><strong>operariorum.</strong></span> 
     </span>
    </p>

    <p class='ocr_par' dir='ltr' id='par_1_9' title="bbox 217 3289 2195 3698">
     <span class='ocr_line' id='line_1_25' title="bbox 355 3289 2195 3376; baseline -0.001 -20"><span class='ocrx_word' id='word_1_275' title='bbox 355 3291 622 3356; x_wconf 84' lang='lat' dir='ltr'><strong>Obtrectationes</strong></span> <span class='ocrx_word' id='word_1_276' title='bbox 644 3289 888 3374; x_wconf 89' lang='lat' dir='ltr'><strong>cavillandique</strong></span> <span class='ocrx_word' id='word_1_277' title='bbox 903 3291 1072 3354; x_wconf 90' lang='lat' dir='ltr'><strong>libidinem</strong></span> <span class='ocrx_word' id='word_1_278' title='bbox 1094 3313 1134 3354; x_wconf 84' lang='lat' dir='ltr'><strong>ex</strong></span> <span class='ocrx_word' id='word_1_279' title='bbox 1156 3291 1242 3356; x_wconf 92' lang='lat' dir='ltr'><strong>libro</strong></span> <span class='ocrx_word' id='word_1_280' title='bbox 1264 3313 1337 3355; x_wconf 92' lang='lat' dir='ltr'><strong>meo</strong></span> <span class='ocrx_word' id='word_1_281' title='bbox 1360 3291 1494 3356; x_wconf 82' lang='lat' dir='ltr'><strong>exulare</strong></span> <span class='ocrx_word' id='word_1_282' title='bbox 1515 3291 1613 3368; x_wconf 79' lang='lat' dir='ltr'><strong>iussi3</strong></span> <span class='ocrx_word' id='word_1_283' title='bbox 1635 3312 1805 3376; x_wconf 85' lang='lat' dir='ltr'><strong>nunquam</strong></span> <span class='ocrx_word' id='word_1_284' title='bbox 1828 3291 1913 3354; x_wconf 89' lang='lat' dir='ltr'><strong>enim</strong></span> <span class='ocrx_word' id='word_1_285' title='bbox 1931 3291 2139 3375; x_wconf 82' lang='lat' dir='ltr'><strong>probaverim</strong></span> <span class='ocrx_word' id='word_1_286' title='bbox 2159 3289 2195 3354; x_wconf 91' lang='lat' dir='ltr'><strong>id</strong></span> 
     </span>
     <span class='ocr_line' id='line_1_26' title="bbox 219 3397 2194 3484; baseline -0.001 -23"><span class='ocrx_word' id='word_1_287' title='bbox 219 3398 381 3462; x_wconf 87' lang='lat' dir='ltr'><strong>scribendi</strong></span> <span class='ocrx_word' id='word_1_288' title='bbox 409 3421 529 3484; x_wconf 78' lang='lat' dir='ltr'><strong>genuS,</strong></span> <span class='ocrx_word' id='word_1_289' title='bbox 558 3398 650 3484; x_wconf 92' lang='lat' dir='ltr'><strong>quod</strong></span> <span class='ocrx_word' id='word_1_290' title='bbox 678 3399 721 3462; x_wconf 93' lang='lat' dir='ltr'><strong>ob</strong></span> <span class='ocrx_word' id='word_1_291' title='bbox 748 3397 839 3462; x_wconf 90' lang='lat' dir='ltr'><strong>leves</strong></span> <span class='ocrx_word' id='word_1_292' title='bbox 861 3399 958 3462; x_wconf 89' lang='lat' dir='ltr'><strong>etiam</strong></span> <span class='ocrx_word' id='word_1_293' title='bbox 981 3419 1110 3462; x_wconf 90' lang='lat' dir='ltr'><strong>errores</strong></span> <span class='ocrx_word' id='word_1_294' title='bbox 1138 3405 1259 3462; x_wconf 86' lang='lat' dir='ltr'><strong>temere</strong></span> <span class='ocrx_word' id='word_1_295' title='bbox 1286 3397 1360 3460; x_wconf 88' lang='lat' dir='ltr'><strong>aliis</strong></span> <span class='ocrx_word' id='word_1_296' title='bbox 1386 3399 1531 3462; x_wconf 90' lang='lat' dir='ltr'><strong>insultat.</strong></span> <span class='ocrx_word' id='word_1_297' title='bbox 1576 3397 1730 3462; x_wconf 86' lang='lat' dir='ltr'><strong>Solamen</strong></span> <span class='ocrx_word' id='word_1_298' title='bbox 1752 3397 1831 3461; x_wconf 92' lang='lat' dir='ltr'><strong>mihi</strong></span> <span class='ocrx_word' id='word_1_299' title='bbox 1854 3398 1996 3462; x_wconf 85' lang='lat' dir='ltr'><strong>afferunt</strong></span> <span class='ocrx_word' id='word_1_300' title='bbox 2016 3397 2073 3462; x_wconf 88' lang='lat' dir='ltr'><strong>illa</strong></span> <span class='ocrx_word' id='word_1_301' title='bbox 2095 3397 2194 3460; x_wconf 92' lang='lat' dir='ltr'><strong>Inno-</strong></span> 
     </span>
     <span class='ocr_line' id='line_1_27' title="bbox 218 3503 2193 3590; baseline 0 -24"><span class='ocrx_word' id='word_1_302' title='bbox 218 3507 316 3570; x_wconf 84' lang='lat' dir='ltr'><strong>rentii</strong></span> <span class='ocrx_word' id='word_1_303' title='bbox 331 3507 379 3571; x_wconf 93' lang='lat' dir='ltr'><strong>lll</strong></span> <span class='ocrx_word' id='word_1_304' title='bbox 400 3505 504 3570; x_wconf 90' lang='lat' dir='ltr'><strong>verba</strong></span> <span class='ocrx_word' id='word_1_305' title='bbox 525 3505 600 3589; x_wconf 86' lang='lat' dir='ltr'><strong>(Ep.</strong></span> <span class='ocrx_word' id='word_1_306' title='bbox 624 3505 679 3570; x_wconf 94' lang='lat' dir='ltr'><strong>lib.</strong></span> <span class='ocrx_word' id='word_1_307' title='bbox 700 3505 744 3568; x_wconf 81' lang='lat'><strong>12.</strong></span> <span class='ocrx_word' id='word_1_308' title='bbox 768 3521 804 3568; x_wconf 91' lang='lat' dir='ltr'><strong>n·</strong></span> <span class='ocrx_word' id='word_1_309' title='bbox 824 3505 865 3569; x_wconf 83' lang='grc'><strong>89</strong></span> <span class='ocrx_word' id='word_1_310' title='bbox 888 3504 938 3568; x_wconf 87' lang='lat' dir='ltr'><strong>ed.</strong></span> <span class='ocrx_word' id='word_1_311' title='bbox 955 3503 1077 3568; x_wconf 90' lang='lat' dir='ltr'><strong>Baluze</strong></span> <span class='ocrx_word' id='word_1_312' title='bbox 1093 3505 1134 3568; x_wconf 93' lang='lat' dir='ltr'><strong>ll.</strong></span> <span class='ocrx_word' id='word_1_313' title='bbox 1151 3505 1241 3587; x_wconf 81' lang='lat'><strong>352):</strong></span> <span class='ocrx_word' id='word_1_314' title='bbox 1268 3503 1362 3567; x_wconf 80' lang='lat' dir='ltr'><strong>»Non</strong></span> <span class='ocrx_word' id='word_1_315' title='bbox 1378 3506 1436 3590; x_wconf 92' lang='lat' dir='ltr'><strong>qui</strong></span> <span class='ocrx_word' id='word_1_316' title='bbox 1451 3505 1612 3590; x_wconf 85' lang='lat' dir='ltr'><strong>coeperit,</strong></span> <span class='ocrx_word' id='word_1_317' title='bbox 1635 3504 1694 3568; x_wconf 89' lang='lat' dir='ltr'><strong>sed</strong></span> <span class='ocrx_word' id='word_1_318' title='bbox 1710 3506 1766 3590; x_wconf 91' lang='lat' dir='ltr'><strong>qui</strong></span> <span class='ocrx_word' id='word_1_319' title='bbox 1781 3507 2057 3590; x_wconf 84' lang='lat' dir='ltr'><strong>perseveraverit,</strong></span> <span class='ocrx_word' id='word_1_320' title='bbox 2081 3505 2193 3568; x_wconf 85' lang='lat' dir='ltr'><strong>salvus</strong></span> 
     </span>
     <span class='ocr_line' id='line_1_28' title="bbox 217 3613 923 3698; baseline -0.003 -22"><span class='ocrx_word' id='word_1_321' title='bbox 217 3614 294 3689; x_wconf 88' lang='lat' dir='ltr'><strong>erit,</strong></span> <span class='ocrx_word' id='word_1_322' title='bbox 317 3623 350 3678; x_wconf 91' lang='lat' dir='ltr'><strong>et</strong></span> <span class='ocrx_word' id='word_1_323' title='bbox 370 3613 446 3676; x_wconf 90' lang='lat' dir='ltr'><strong>finis</strong></span> <span class='ocrx_word' id='word_1_324' title='bbox 469 3635 536 3676; x_wconf 92' lang='lat' dir='ltr'><strong>non</strong></span> <span class='ocrx_word' id='word_1_325' title='bbox 559 3633 671 3698; x_wconf 89' lang='lat' dir='ltr'><strong>pugna</strong></span> <span class='ocrx_word' id='word_1_326' title='bbox 692 3621 857 3678; x_wconf 72' lang='lat' dir='ltr'><strong>coronat«</strong></span> <span class='ocrx_word' id='word_1_327' title='bbox 922 3647 923 3652; x_wconf 26' lang='grc' dir='ltr'>ι</span> 
     </span>
    </p>
   </div>
   <div class='ocr_carea' id='block_1_5' title="bbox 353 3741 1291 3811">
    <p class='ocr_par' dir='ltr' id='par_1_10' title="bbox 353 3741 1291 3811">
     <span class='ocr_line' id='line_1_29' title="bbox 353 3741 1291 3811; baseline -0.004 0"><span class='ocrx_word' id='word_1_328' title='bbox 353 3746 540 3811; x_wconf 87' lang='lat' dir='ltr'><strong>Scribebam</strong></span> <span class='ocrx_word' id='word_1_329' title='bbox 565 3743 710 3810; x_wconf 88' lang='lat' dir='ltr'><strong>Berolini</strong></span> <span class='ocrx_word' id='word_1_330' title='bbox 733 3743 783 3810; x_wconf 88' lang='lat' dir='ltr'><strong>XI</strong></span> <span class='ocrx_word' id='word_1_331' title='bbox 805 3743 870 3808; x_wconf 81' lang='lat' dir='ltr'><strong>lral.</strong></span> <span class='ocrx_word' id='word_1_332' title='bbox 894 3743 971 3808; x_wconf 87' lang='lat' dir='ltr'><strong>Dee.</strong></span> <span class='ocrx_word' id='word_1_333' title='bbox 995 3741 1291 3810; x_wconf 83' lang='lat' dir='ltr'><strong>MDCCCLXXV.</strong></span> 
     </span>
    </p>
   </div>
   <div class='ocr_carea' id='block_1_6' title="bbox 1244 4163 1994 4271">
    <p class='ocr_par' dir='ltr' id='par_1_11' title="bbox 1244 4163 1994 4271">
     <span class='ocr_line' id='line_1_30' title="bbox 1244 4163 1994 4271; baseline 0.008 -27"><span class='ocrx_word' id='word_1_334' title='bbox 1244 4163 1315 4244; x_wconf 78' lang='lat' dir='ltr'><strong>Da.</strong></span> <span class='ocrx_word' id='word_1_335' title='bbox 1338 4163 1645 4248; x_wconf 86' lang='lat' dir='ltr'><strong>AUGUSTUS</strong></span> <span class='ocrx_word' id='word_1_336' title='bbox 1676 4165 1994 4271; x_wconf 87' lang='lat' dir='ltr'><strong>POTTHAST,</strong></span> 
     </span>
    </p>
   </div>
   <div class='ocr_carea' id='block_1_7' title="bbox 1102 4279 2156 4348">
    <p class='ocr_par' dir='ltr' id='par_1_12' title="bbox 1102 4279 2156 4348">
     <span class='ocr_line' id='line_1_31' title="bbox 1102 4279 2156 4348; baseline 0.005 -5"><span class='ocrx_word' id='word_1_337' title='bbox 1102 4301 1346 4344; x_wconf 72' lang='lat' dir='ltr'><strong>,lurttssmottvnt</strong></span> <span class='ocrx_word' id='word_1_338' title='bbox 1365 4301 1476 4344; x_wconf 80' lang='lat' dir='ltr'>IMPERII</span> <span class='ocrx_word' id='word_1_339' title='bbox 1497 4279 1659 4345; x_wconf 57' lang='lat' dir='ltr'><strong>delatrarem</strong></span> <span class='ocrx_word' id='word_1_340' title='bbox 1680 4301 1866 4347; x_wconf 63' lang='lat' dir='ltr'><strong>commonstra</strong></span> <span class='ocrx_word' id='word_1_341' title='bbox 1886 4305 2156 4348; x_wconf 75' lang='lat' dir='ltr'><strong>BlBLIOTllECARll&#39;S.</strong></span> 
     </span>
    </p>
   </div>
   <div class='ocr_carea' id='block_1_8' title="bbox 0 0 2534 6532">
    <p class='ocr_par' dir='ltr' id='par_1_13' title="bbox 0 0 2534 6532">
     <span class='ocr_line' id='line_1_32' title="bbox 0 0 2534 6532; baseline 0 0"><span class='ocrx_word' id='word_1_342' title='bbox 0 0 2534 6532; x_wconf 95' lang='lat' dir='ltr'><strong> </strong></span> 
     </span>
    </p>
   </div>
  </div>
 </body>
</html>
