<?xml version="1.0" encoding="UTF-8"?>
<!DOCTYPE html PUBLIC "-//W3C//DTD XHTML 1.0 Transitional//EN"
    "http://www.w3.org/TR/xhtml1/DTD/xhtml1-transitional.dtd">
<html xmlns="http://www.w3.org/1999/xhtml" xml:lang="en" lang="en">
 <head>
  <title>
</title>
<meta http-equiv="Content-Type" content="text/html;charset=utf-8" />
  <meta name='ocr-system' content='tesseract 3.04.00' />
  <meta name='ocr-capabilities' content='ocr_page ocr_carea ocr_par ocr_line ocrx_word'/>
</head>
<body>
  <div class='ocr_page' id='page_1' title='image "./regestapontific00popegoog_0011.png"; bbox 0 0 5060 6532; ppageno 0'>
   <div class='ocr_carea' id='block_1_1' title="bbox 923 1475 1508 1610">
    <p class='ocr_par' dir='ltr' id='par_1_1' title="bbox 923 1475 1508 1610">
     <span class='ocr_line' id='line_1_1' title="bbox 923 1475 1508 1610; baseline 0.005 -4"><span class='ocrx_word' id='word_1_1' title='bbox 923 1475 1508 1610; x_wconf 83' lang='lat' dir='ltr'><strong>PRAEFATIO.</strong></span> 
     </span>
    </p>
   </div>
   <div class='ocr_carea' id='block_1_2' title="bbox 1142 1791 1291 1798">
    <p class='ocr_par' dir='ltr' id='par_1_2' title="bbox 1142 1791 1291 1798">
     <span class='ocr_line' id='line_1_2' title="bbox 1142 1791 1291 1798; baseline 0.007 -1"><span class='ocrx_word' id='word_1_2' title='bbox 1142 1792 1155 1797; x_wconf 89' lang='lat'>.-</span> <span class='ocrx_word' id='word_1_3' title='bbox 1173 1791 1291 1798; x_wconf 75' lang='lat'>-—---</span> 
     </span>
    </p>
   </div>
   <div class='ocr_carea' id='block_1_3' title="bbox 1187 2062 2206 2736">
    <p class='ocr_par' dir='ltr' id='par_1_3' title="bbox 1187 2062 2206 2736">
     <span class='ocr_line' id='line_1_3' title="bbox 1264 2062 2206 2126; baseline 0.004 -17"><span class='ocrx_word' id='word_1_4' title='bbox 1264 2063 1349 2109; x_wconf 83' lang='lat' dir='ltr'>·Auch</span> <span class='ocrx_word' id='word_1_5' title='bbox 1365 2066 1390 2109; x_wconf 94' lang='lat' dir='ltr'>in</span> <span class='ocrx_word' id='word_1_6' title='bbox 1404 2062 1447 2108; x_wconf 90' lang='lat' dir='ltr'>der</span> <span class='ocrx_word' id='word_1_7' title='bbox 1458 2063 1620 2110; x_wconf 74' lang='lat' dir='ltr'>historischen</span> <span class='ocrx_word' id='word_1_8' title='bbox 1633 2063 1812 2110; x_wconf 75' lang='lat' dir='ltr'>wissenschaft</span> <span class='ocrx_word' id='word_1_9' title='bbox 1824 2065 1880 2124; x_wconf 72' lang='lat' dir='ltr'>gili:</span> <span class='ocrx_word' id='word_1_10' title='bbox 1900 2064 2039 2126; x_wconf 79' lang='lat' dir='ltr'>Verleugne</span> <span class='ocrx_word' id='word_1_11' title='bbox 2051 2065 2108 2112; x_wconf 88' lang='lat' dir='ltr'>dioh</span> <span class='ocrx_word' id='word_1_12' title='bbox 2120 2065 2206 2116; x_wconf 73' lang='lat' dir='ltr'>satem</span> 
     </span>
     <span class='ocr_line' id='line_1_4' title="bbox 1190 2130 2206 2184; baseline 0.002 -8"><span class='ocrx_word' id='word_1_13' title='bbox 1190 2130 1259 2178; x_wconf 87' lang='lat' dir='ltr'>nieht</span> <span class='ocrx_word' id='word_1_14' title='bbox 1275 2145 1325 2177; x_wconf 82' lang='lat' dir='ltr'>was</span> <span class='ocrx_word' id='word_1_15' title='bbox 1348 2144 1394 2177; x_wconf 83' lang='lat' dir='ltr'>uua</span> <span class='ocrx_word' id='word_1_16' title='bbox 1415 2145 1454 2177; x_wconf 85' lang='lat' dir='ltr'>am</span> <span class='ocrx_word' id='word_1_17' title='bbox 1472 2131 1598 2184; x_wconf 82' lang='lat' dir='ltr'>Liebsten,</span> <span class='ocrx_word' id='word_1_18' title='bbox 1621 2131 1727 2178; x_wconf 79' lang='lat' dir='ltr'>eoadern</span> <span class='ocrx_word' id='word_1_19' title='bbox 1745 2145 1796 2177; x_wconf 84' lang='lat' dir='ltr'>was</span> <span class='ocrx_word' id='word_1_20' title='bbox 1819 2146 1865 2179; x_wconf 82' lang='lat' dir='ltr'>uns</span> <span class='ocrx_word' id='word_1_21' title='bbox 1887 2147 1926 2179; x_wconf 84' lang='lat' dir='ltr'>am</span> <span class='ocrx_word' id='word_1_22' title='bbox 1949 2133 2105 2180; x_wconf 80' lang='lat' dir='ltr'>Schweraten</span> <span class='ocrx_word' id='word_1_23' title='bbox 2127 2133 2206 2180; x_wconf 80' lang='lat' dir='ltr'>solleu</span> 
     </span>
     <span class='ocr_line' id='line_1_5' title="bbox 1190 2198 2205 2262; baseline 0.005 -19"><span class='ocrx_word' id='word_1_24' title='bbox 1190 2201 1237 2246; x_wconf 87' lang='lat' dir='ltr'>wir</span> <span class='ocrx_word' id='word_1_25' title='bbox 1258 2213 1288 2246; x_wconf 83' lang='lat' dir='ltr'>au</span> <span class='ocrx_word' id='word_1_26' title='bbox 1309 2200 1395 2246; x_wconf 82' lang='lat' dir='ltr'>leiuen</span> <span class='ocrx_word' id='word_1_27' title='bbox 1417 2198 1510 2246; x_wconf 75' lang='lat' dir='ltr'>cuchen</span> <span class='ocrx_word' id='word_1_28' title='bbox 1535 2199 1585 2246; x_wconf 88' lang='lat' dir='ltr'>und</span> <span class='ocrx_word' id='word_1_29' title='bbox 1608 2213 1669 2260; x_wconf 78' lang='lat' dir='ltr'>geru</span> <span class='ocrx_word' id='word_1_30' title='bbox 1691 2199 1831 2248; x_wconf 68' lang='lat' dir='ltr'>ventebran</span> <span class='ocrx_word' id='word_1_31' title='bbox 1853 2201 1899 2248; x_wconf 81' lang='lat' dir='ltr'>aui</span> <span class='ocrx_word' id='word_1_32' title='bbox 1919 2201 1957 2248; x_wconf 85' lang='lat' dir='ltr'>die</span> <span class='ocrx_word' id='word_1_33' title='bbox 1979 2201 2205 2262; x_wconf 79' lang='lat' dir='ltr'>augenblieklichen</span> 
     </span>
     <span class='ocr_line' id='line_1_6' title="bbox 1190 2265 2205 2330; baseline 0.002 -18"><span class='ocrx_word' id='word_1_34' title='bbox 1190 2265 1304 2326; x_wconf 82' lang='lat' dir='ltr'>Eriolge,</span> <span class='ocrx_word' id='word_1_35' title='bbox 1324 2268 1369 2314; x_wconf 81' lang='lat' dir='ltr'>auf</span> <span class='ocrx_word' id='word_1_36' title='bbox 1384 2267 1431 2314; x_wconf 87' lang='lat' dir='ltr'>den</span> <span class='ocrx_word' id='word_1_37' title='bbox 1449 2265 1539 2313; x_wconf 82' lang='lat' dir='ltr'>Boisnli</span> <span class='ocrx_word' id='word_1_38' title='bbox 1557 2266 1601 2312; x_wconf 90' lang='lat' dir='ltr'>der</span> <span class='ocrx_word' id='word_1_39' title='bbox 1617 2267 1718 2327; x_wconf 85' lang='lat' dir='ltr'>Menge,</span> <span class='ocrx_word' id='word_1_40' title='bbox 1738 2267 1797 2314; x_wconf 82' lang='lat' dir='ltr'>hura</span> <span class='ocrx_word' id='word_1_41' title='bbox 1816 2267 1861 2315; x_wconf 77' lang='lat' dir='ltr'>aui</span> <span class='ocrx_word' id='word_1_42' title='bbox 1877 2269 1923 2314; x_wconf 87' lang='lat' dir='ltr'>alle</span> <span class='ocrx_word' id='word_1_43' title='bbox 1942 2268 1981 2316; x_wconf 88' lang='lat' dir='ltr'>dle</span> <span class='ocrx_word' id='word_1_44' title='bbox 1999 2269 2091 2330; x_wconf 80' lang='lat' dir='ltr'>Dinge,</span> <span class='ocrx_word' id='word_1_45' title='bbox 2111 2268 2205 2316; x_wconf 81' lang='lat' dir='ltr'>welche</span> 
     </span>
     <span class='ocr_line' id='line_1_7' title="bbox 1187 2335 2205 2394; baseline 0.002 -14"><span class='ocrx_word' id='word_1_46' title='bbox 1187 2336 1245 2394; x_wconf 74' lang='lat' dir='ltr'>¹leue</span> <span class='ocrx_word' id='word_1_47' title='bbox 1268 2335 1398 2390; x_wconf 80' lang='lat' dir='ltr'>bethtiren,</span> <span class='ocrx_word' id='word_1_48' title='bbox 1422 2335 1461 2381; x_wconf 85' lang='lat' dir='ltr'>die</span> <span class='ocrx_word' id='word_1_49' title='bbox 1483 2335 1527 2382; x_wconf 87' lang='lat' dir='ltr'>der</span> <span class='ocrx_word' id='word_1_50' title='bbox 1545 2335 1724 2382; x_wconf 80' lang='lat' dir='ltr'>Wiaseruehai&#39;t</span> <span class='ocrx_word' id='word_1_51' title='bbox 1745 2335 1813 2382; x_wconf 85' lang='lat' dir='ltr'>nicht</span> <span class='ocrx_word' id='word_1_52' title='bbox 1836 2351 1877 2383; x_wconf 92' lang='lat' dir='ltr'>um</span> <span class='ocrx_word' id='word_1_53' title='bbox 1899 2337 1967 2384; x_wconf 88' lang='lat' dir='ltr'>ihrer</span> <span class='ocrx_word' id='word_1_54' title='bbox 1988 2337 2065 2384; x_wconf 78' lang='lat' dir='ltr'>selbrt</span> <span class='ocrx_word' id='word_1_55' title='bbox 2087 2337 2136 2384; x_wconf 91' lang='lat' dir='ltr'>und</span> <span class='ocrx_word' id='word_1_56' title='bbox 2159 2351 2205 2383; x_wconf 85' lang='lat' dir='ltr'>vor</span> 
     </span>
     <span class='ocr_line' id='line_1_8' title="bbox 1190 2403 2203 2460; baseline 0.002 -12"><span class='ocrx_word' id='word_1_57' title='bbox 1190 2403 1262 2450; x_wconf 89' lang='lat' dir='ltr'>nllcm</span> <span class='ocrx_word' id='word_1_58' title='bbox 1284 2403 1352 2450; x_wconf 85' lang='lat' dir='ltr'>nicht</span> <span class='ocrx_word' id='word_1_59' title='bbox 1373 2418 1415 2450; x_wconf 91' lang='lat' dir='ltr'>um</span> <span class='ocrx_word' id='word_1_60' title='bbox 1438 2403 1505 2450; x_wconf 81' lang='lat' dir='ltr'>ihrer</span> <span class='ocrx_word' id='word_1_61' title='bbox 1526 2403 1645 2450; x_wconf 74' lang='lat' dir='ltr'>hrichsten</span> <span class='ocrx_word' id='word_1_62' title='bbox 1668 2403 1770 2450; x_wconf 83' lang='lat' dir='ltr'>Zweelre</span> <span class='ocrx_word' id='word_1_63' title='bbox 1794 2404 1877 2450; x_wconf 81' lang='lat' dir='ltr'>willan</span> <span class='ocrx_word' id='word_1_64' title='bbox 1900 2405 2000 2460; x_wconf 79' lang='lat' dir='ltr'>dienen,</span> <span class='ocrx_word' id='word_1_65' title='bbox 2029 2405 2134 2452; x_wconf 87' lang='lat' dir='ltr'>sondcrn</span> <span class='ocrx_word' id='word_1_66' title='bbox 2161 2419 2203 2451; x_wconf 85' lang='lat' dir='ltr'>aua</span> 
     </span>
     <span class='ocr_line' id='line_1_9' title="bbox 1190 2470 2202 2533; baseline 0 -17"><span class='ocrx_word' id='word_1_67' title='bbox 1190 2471 1360 2532; x_wconf 79' lang='lat' dir='ltr'>persdnlirhen</span> <span class='ocrx_word' id='word_1_68' title='bbox 1373 2470 1549 2524; x_wconf 74' lang='lat' dir='ltr'>Richsichten,</span> <span class='ocrx_word' id='word_1_69' title='bbox 1568 2473 1615 2518; x_wconf 75' lang='lat' dir='ltr'>ule</span> <span class='ocrx_word' id='word_1_70' title='bbox 1633 2473 1667 2518; x_wconf 87' lang='lat' dir='ltr'>sie</span> <span class='ocrx_word' id='word_1_71' title='bbox 1680 2473 1827 2532; x_wconf 84' lang='lat' dir='ltr'>Eigennutz,</span> <span class='ocrx_word' id='word_1_72' title='bbox 1847 2473 1915 2518; x_wconf 82' lang='lat' dir='ltr'>Stolz</span> <span class='ocrx_word' id='word_1_73' title='bbox 1933 2473 1983 2520; x_wconf 91' lang='lat' dir='ltr'>und</span> <span class='ocrx_word' id='word_1_74' title='bbox 1995 2471 2082 2520; x_wconf 81' lang='lat' dir='ltr'>Frerel</span> <span class='ocrx_word' id='word_1_75' title='bbox 2095 2479 2202 2533; x_wconf 81' lang='lat' dir='ltr'>erzeugt.</span> 
     </span>
     <span class='ocr_line' id='line_1_10' title="bbox 1190 2539 2203 2600; baseline 0 -14"><span class='ocrx_word' id='word_1_76' title='bbox 1190 2541 1235 2586; x_wconf 83' lang='lat' dir='ltr'>Dte</span> <span class='ocrx_word' id='word_1_77' title='bbox 1262 2539 1511 2600; x_wconf 78' lang='lat' dir='ltr'>Selbstverieugnung</span> <span class='ocrx_word' id='word_1_78' title='bbox 1538 2539 1581 2588; x_wconf 82' lang='lat' dir='ltr'>der</span> <span class='ocrx_word' id='word_1_79' title='bbox 1607 2539 1701 2600; x_wconf 75' lang='lat' dir='ltr'>linger</span> <span class='ocrx_word' id='word_1_80' title='bbox 1727 2539 1772 2586; x_wconf 88' lang='lat' dir='ltr'>der</span> <span class='ocrx_word' id='word_1_81' title='bbox 1795 2539 1975 2588; x_wconf 75' lang='lat' dir='ltr'>Wbaenschait</span> <span class='ocrx_word' id='word_1_82' title='bbox 2000 2543 2032 2588; x_wconf 80' lang='lat' dir='ltr'>ist</span> <span class='ocrx_word' id='word_1_83' title='bbox 2055 2541 2095 2590; x_wconf 85' lang='lat' dir='ltr'>ihr</span> <span class='ocrx_word' id='word_1_84' title='bbox 2117 2539 2203 2588; x_wconf 81' lang='lat' dir='ltr'>Gebet</span> 
     </span>
     <span class='ocr_line' id='line_1_11' title="bbox 1190 2607 2204 2656; baseline 0 -2"><span class='ocrx_word' id='word_1_85' title='bbox 1190 2607 1308 2654; x_wconf 79' lang='lat' dir='ltr'>Mnbillon</span> <span class='ocrx_word' id='word_1_86' title='bbox 1326 2609 1432 2654; x_wconf 73' lang='lat' dir='ltr'>iusserte</span> <span class='ocrx_word' id='word_1_87' title='bbox 1451 2607 1551 2653; x_wconf 81' lang='lat' dir='ltr'>eiumnl:</span> <span class='ocrx_word' id='word_1_88' title='bbox 1572 2608 1617 2654; x_wconf 87' lang='lat' dir='ltr'>Die</span> <span class='ocrx_word' id='word_1_89' title='bbox 1635 2608 1736 2654; x_wconf 81' lang='lat' dir='ltr'>wahren</span> <span class='ocrx_word' id='word_1_90' title='bbox 1754 2607 1836 2654; x_wconf 85' lang='lat' dir='ltr'>Rosen</span> <span class='ocrx_word' id='word_1_91' title='bbox 1854 2608 1898 2654; x_wconf 92' lang='lat' dir='ltr'>der</span> <span class='ocrx_word' id='word_1_92' title='bbox 1916 2609 2095 2656; x_wconf 84' lang='lat' dir='ltr'>Wisscnschait</span> <span class='ocrx_word' id='word_1_93' title='bbox 2113 2609 2204 2656; x_wconf 87' lang='lat' dir='ltr'>blilhcn</span> 
     </span>
     <span class='ocr_line' id='line_1_12' title="bbox 1190 2674 1644 2736; baseline 0.004 -16"><span class='ocrx_word' id='word_1_94' title='bbox 1190 2689 1236 2721; x_wconf 89' lang='lat' dir='ltr'>nur</span> <span class='ocrx_word' id='word_1_95' title='bbox 1253 2675 1307 2722; x_wconf 89' lang='lat' dir='ltr'>dem</span> <span class='ocrx_word' id='word_1_96' title='bbox 1327 2675 1484 2736; x_wconf 80' lang='lat' dir='ltr'>demilthigeu</span> <span class='ocrx_word' id='word_1_97' title='bbox 1501 2674 1644 2722; x_wconf 71' lang='grc' dir='ltr'>161161161-ι</span> 
     </span>
    </p>
   </div>
   <div class='ocr_carea' id='block_1_4' title="bbox 1244 2757 2203 2821">
    <p class='ocr_par' dir='ltr' id='par_1_4' title="bbox 1244 2757 2203 2821">
     <span class='ocr_line' id='line_1_13' title="bbox 1244 2757 2203 2821; baseline -0.003 -15"><span class='ocrx_word' id='word_1_98' title='bbox 1244 2759 1358 2814; x_wconf 70' lang='lat' dir='ltr'>danaen,</span> <span class='ocrx_word' id='word_1_99' title='bbox 1371 2757 1428 2806; x_wconf 85' lang='lat' dir='ltr'>Joh.</span> <span class='ocrx_word' id='word_1_100' title='bbox 1441 2758 1533 2806; x_wconf 77' lang='lat' dir='ltr'>Friedr.</span> <span class='ocrx_word' id='word_1_101' title='bbox 1546 2759 1666 2806; x_wconf 77' lang='lat' dir='ltr'>Bdhmers</span> <span class='ocrx_word' id='word_1_102' title='bbox 1678 2757 1761 2806; x_wconf 72' lang='lat' dir='ltr'>leben</span> <span class='ocrx_word' id='word_1_103' title='bbox 1773 2773 1796 2805; x_wconf 94' lang='lat' dir='ltr'>u.</span> <span class='ocrx_word' id='word_1_104' title='bbox 1810 2759 2016 2821; x_wconf 74' lang='lat' dir='ltr'>Auechnuungen.</span> <span class='ocrx_word' id='word_1_105' title='bbox 2028 2759 2101 2808; x_wconf 83' lang='grc'><strong>1869.</strong></span> <span class='ocrx_word' id='word_1_106' title='bbox 2109 2761 2138 2806; x_wconf 81' lang='grc'><strong>’8.</strong></span> <span class='ocrx_word' id='word_1_107' title='bbox 2148 2760 2203 2808; x_wconf 77' lang='grc'><strong>111,</strong></span> 
     </span>
    </p>
   </div>
   <div class='ocr_carea' id='block_1_5' title="bbox 225 2921 2203 3170">
    <p class='ocr_par' dir='ltr' id='par_1_5' title="bbox 225 2921 2203 3170">
     <span class='ocr_line' id='line_1_14' title="bbox 226 2921 2203 3072; baseline -0.003 -21"><span class='ocrx_word' id='word_1_108' title='bbox 226 2921 354 3051; x_wconf 86' lang='lat' dir='ltr'>Haec</span> <span class='ocrx_word' id='word_1_109' title='bbox 376 2983 477 3047; x_wconf 89' lang='lat' dir='ltr'>verba</span> <span class='ocrx_word' id='word_1_110' title='bbox 498 2993 531 3048; x_wconf 89' lang='lat' dir='ltr'>et</span> <span class='ocrx_word' id='word_1_111' title='bbox 557 2983 699 3072; x_wconf 90' lang='lat' dir='ltr'>benigna</span> <span class='ocrx_word' id='word_1_112' title='bbox 720 2983 760 3050; x_wconf 89' lang='lat' dir='ltr'>G.</span> <span class='ocrx_word' id='word_1_113' title='bbox 783 2983 825 3048; x_wconf 83' lang='lat' dir='ltr'>ll.</span> <span class='ocrx_word' id='word_1_114' title='bbox 849 2984 1016 3062; x_wconf 89' lang='lat' dir='ltr'>Pertaii,</span> <span class='ocrx_word' id='word_1_115' title='bbox 1044 2983 1239 3049; x_wconf 89' lang='lat' dir='ltr'>immortalis</span> <span class='ocrx_word' id='word_1_116' title='bbox 1261 2982 1553 3046; x_wconf 84' lang='lat' dir='ltr'>lllonumeutorum</span> <span class='ocrx_word' id='word_1_117' title='bbox 1571 2980 1771 3046; x_wconf 78' lang='lat' dir='ltr'>Germaniae</span> <span class='ocrx_word' id='word_1_118' title='bbox 1793 2981 2027 3046; x_wconf 87' lang='lat' dir='ltr'>historicorum</span> <span class='ocrx_word' id='word_1_119' title='bbox 2056 2982 2203 3055; x_wconf 84' lang='lat' dir='ltr'>editoris,</span> 
     </span>
     <span class='ocr_line' id='line_1_15' title="bbox 225 3079 2203 3170; baseline -0.002 -22"><span class='ocrx_word' id='word_1_120' title='bbox 225 3084 382 3170; x_wconf 85' lang='lat' dir='ltr'>impulsio</span> <span class='ocrx_word' id='word_1_121' title='bbox 410 3091 510 3168; x_wconf 87' lang='lat' dir='ltr'>atque</span> <span class='ocrx_word' id='word_1_122' title='bbox 537 3085 715 3148; x_wconf 86' lang='lat' dir='ltr'>auctoritas</span> <span class='ocrx_word' id='word_1_123' title='bbox 743 3085 886 3148; x_wconf 90' lang='lat' dir='ltr'>animum</span> <span class='ocrx_word' id='word_1_124' title='bbox 911 3106 1019 3149; x_wconf 91' lang='lat' dir='ltr'>meum</span> <span class='ocrx_word' id='word_1_125' title='bbox 1046 3083 1279 3156; x_wconf 88' lang='lat' dir='ltr'>incenderunt,</span> <span class='ocrx_word' id='word_1_126' title='bbox 1308 3091 1345 3145; x_wconf 88' lang='lat' dir='ltr'>ut</span> <span class='ocrx_word' id='word_1_127' title='bbox 1372 3081 1512 3146; x_wconf 89' lang='lat' dir='ltr'>arduum</span> <span class='ocrx_word' id='word_1_128' title='bbox 1540 3101 1626 3166; x_wconf 91' lang='lat' dir='ltr'>opus</span> <span class='ocrx_word' id='word_1_129' title='bbox 1654 3089 1687 3144; x_wconf 91' lang='lat' dir='ltr'>ct</span> <span class='ocrx_word' id='word_1_130' title='bbox 1713 3079 1824 3144; x_wconf 82' lang='lat' dir='ltr'>audax</span> <span class='ocrx_word' id='word_1_131' title='bbox 1851 3081 2002 3166; x_wconf 88' lang='lat' dir='ltr'>profecto</span> <span class='ocrx_word' id='word_1_132' title='bbox 2035 3083 2203 3167; x_wconf 89' lang='lat' dir='ltr'>negotium</span> 
     </span>
    </p>
   </div>
   <div class='ocr_carea' id='block_1_6' title="bbox 224 3187 2289 5646">
    <p class='ocr_par' dir='ltr' id='par_1_6' title="bbox 226 3187 2204 3598">
     <span class='ocr_line' id='line_1_16' title="bbox 226 3187 2204 3276; baseline -0.001 -22"><span class='ocrx_word' id='word_1_133' title='bbox 226 3193 427 3276; x_wconf 80' lang='lat' dir='ltr'>susciperem</span> <span class='ocrx_word' id='word_1_134' title='bbox 443 3211 503 3255; x_wconf 92' lang='lat' dir='ltr'>uec</span> <span class='ocrx_word' id='word_1_135' title='bbox 524 3191 689 3254; x_wconf 88' lang='lat' dir='ltr'>minusad</span> <span class='ocrx_word' id='word_1_136' title='bbox 712 3192 782 3256; x_wconf 88' lang='lat' dir='ltr'>eius</span> <span class='ocrx_word' id='word_1_137' title='bbox 797 3191 988 3256; x_wconf 86' lang='lat' dir='ltr'>coronidem</span> <span class='ocrx_word' id='word_1_138' title='bbox 1010 3193 1108 3256; x_wconf 91' lang='lat' dir='ltr'>remis</span> <span class='ocrx_word' id='word_1_139' title='bbox 1124 3191 1273 3276; x_wconf 90' lang='lat' dir='ltr'>velisque</span> <span class='ocrx_word' id='word_1_140' title='bbox 1295 3190 1357 3254; x_wconf 93' lang='lat' dir='ltr'>sub</span> <span class='ocrx_word' id='word_1_141' title='bbox 1373 3189 1483 3253; x_wconf 82' lang='lat' dir='ltr'>lausto</span> <span class='ocrx_word' id='word_1_142' title='bbox 1505 3189 1567 3252; x_wconf 90' lang='lat' dir='ltr'>viri</span> <span class='ocrx_word' id='word_1_143' title='bbox 1589 3188 1679 3256; x_wconf 83' lang='lat' dir='ltr'>illins</span> <span class='ocrx_word' id='word_1_144' title='bbox 1694 3187 1811 3275; x_wconf 82' lang='lat' dir='ltr'>inclyti</span> <span class='ocrx_word' id='word_1_145' title='bbox 1832 3187 1940 3253; x_wconf 88' lang='lat' dir='ltr'>sidere</span> <span class='ocrx_word' id='word_1_146' title='bbox 1962 3189 2204 3256; x_wconf 78' lang='lat' dir='ltr'>contenderem.</span> 
     </span>
     <span class='ocr_line' id='line_1_17' title="bbox 227 3293 2203 3384; baseline -0.001 -22"><span class='ocrx_word' id='word_1_147' title='bbox 227 3293 363 3384; x_wconf 74' lang='lat' dir='ltr'>Aequus</span> <span class='ocrx_word' id='word_1_148' title='bbox 385 3307 420 3363; x_wconf 80' lang='lat' dir='ltr'>et</span> <span class='ocrx_word' id='word_1_149' title='bbox 447 3298 594 3384; x_wconf 83' lang='lat' dir='ltr'>prudens</span> <span class='ocrx_word' id='word_1_150' title='bbox 622 3321 730 3363; x_wconf 90' lang='lat' dir='ltr'>rerum</span> <span class='ocrx_word' id='word_1_151' title='bbox 758 3300 949 3364; x_wconf 86' lang='lat' dir='ltr'>aestimator</span> <span class='ocrx_word' id='word_1_152' title='bbox 974 3321 1098 3364; x_wconf 92' lang='lat' dir='ltr'>mecum</span> <span class='ocrx_word' id='word_1_153' title='bbox 1127 3298 1317 3372; x_wconf 85' lang='lat' dir='ltr'>concludet,</span> <span class='ocrx_word' id='word_1_154' title='bbox 1346 3295 1438 3381; x_wconf 90' lang='lat' dir='ltr'>quod</span> <span class='ocrx_word' id='word_1_155' title='bbox 1465 3315 1619 3382; x_wconf 88' lang='lat' dir='ltr'>magnum</span> <span class='ocrx_word' id='word_1_156' title='bbox 1648 3295 1793 3360; x_wconf 89' lang='lat' dir='ltr'>laborem</span> <span class='ocrx_word' id='word_1_157' title='bbox 1821 3295 1914 3358; x_wconf 90' lang='lat' dir='ltr'>solus</span> <span class='ocrx_word' id='word_1_158' title='bbox 1942 3296 2092 3360; x_wconf 87' lang='lat' dir='ltr'>sustinui.</span> <span class='ocrx_word' id='word_1_159' title='bbox 2138 3297 2203 3377; x_wconf 80' lang='lat' dir='ltr'>Qui</span> 
     </span>
     <span class='ocr_line' id='line_1_18' title="bbox 226 3387 2203 3492; baseline -0.001 -23"><span class='ocrx_word' id='word_1_160' title='bbox 226 3409 312 3469; x_wconf 88' lang='lat' dir='ltr'>eninr</span> <span class='ocrx_word' id='word_1_161' title='bbox 332 3387 554 3471; x_wconf 84' lang='lat' dir='ltr'>vastissimam</span> <span class='ocrx_word' id='word_1_162' title='bbox 580 3415 868 3470; x_wconf 87' lang='lat' dir='ltr'>monumentorum</span> <span class='ocrx_word' id='word_1_163' title='bbox 891 3407 1059 3492; x_wconf 87' lang='lat' dir='ltr'>papalium</span> <span class='ocrx_word' id='word_1_164' title='bbox 1080 3407 1199 3470; x_wconf 91' lang='lat' dir='ltr'>molem</span> <span class='ocrx_word' id='word_1_165' title='bbox 1221 3404 1413 3490; x_wconf 87' lang='lat' dir='ltr'>cognoverit</span> <span class='ocrx_word' id='word_1_166' title='bbox 1436 3413 1469 3468; x_wconf 90' lang='lat' dir='ltr'>et</span> <span class='ocrx_word' id='word_1_167' title='bbox 1495 3411 1700 3488; x_wconf 86' lang='lat' dir='ltr'>regestorum</span> <span class='ocrx_word' id='word_1_168' title='bbox 1723 3403 1920 3487; x_wconf 85' lang='lat' dir='ltr'>farraginem</span> <span class='ocrx_word' id='word_1_169' title='bbox 1942 3403 2139 3488; x_wconf 86' lang='lat' dir='ltr'>inspexerit,</span> <span class='ocrx_word' id='word_1_170' title='bbox 2163 3426 2203 3468; x_wconf 91' lang='lat' dir='ltr'>eo</span> 
     </span>
     <span class='ocr_line' id='line_1_19' title="bbox 230 3511 1663 3598; baseline -0.001 -24"><span class='ocrx_word' id='word_1_171' title='bbox 230 3513 303 3596; x_wconf 90' lang='lat' dir='ltr'>ipso</span> <span class='ocrx_word' id='word_1_172' title='bbox 326 3515 427 3598; x_wconf 88' lang='lat' dir='ltr'>probe</span> <span class='ocrx_word' id='word_1_173' title='bbox 449 3513 620 3589; x_wconf 80' lang='lat' dir='ltr'>edocetur,</span> <span class='ocrx_word' id='word_1_174' title='bbox 643 3523 787 3598; x_wconf 70' lang='lat' dir='ltr'>(quantae</span> <span class='ocrx_word' id='word_1_175' title='bbox 809 3514 887 3576; x_wconf 91' lang='lat' dir='ltr'>mihi</span> <span class='ocrx_word' id='word_1_176' title='bbox 911 3513 1122 3577; x_wconf 84' lang='lat' dir='ltr'>difficultates</span> <span class='ocrx_word' id='word_1_177' title='bbox 1144 3511 1351 3597; x_wconf 82' lang='lat' dir='ltr'>superandae</span> <span class='ocrx_word' id='word_1_178' title='bbox 1374 3511 1506 3574; x_wconf 85' lang='lat' dir='ltr'>fuerint.</span> <span class='ocrx_word' id='word_1_179' title='bbox 1661 3519 1663 3524; x_wconf 83' lang='grc'>’</span> 
     </span>
    </p>

    <p class='ocr_par' dir='ltr' id='par_1_7' title="bbox 224 3617 2289 4675">
     <span class='ocr_line' id='line_1_20' title="bbox 364 3617 2289 3708; baseline 0.001 -25"><span class='ocrx_word' id='word_1_180' title='bbox 364 3619 436 3685; x_wconf 88' lang='grc' dir='ltr'>Η66</span> <span class='ocrx_word' id='word_1_181' title='bbox 457 3644 559 3708; x_wconf 82' lang='lat' dir='ltr'>opus,</span> <span class='ocrx_word' id='word_1_182' title='bbox 582 3620 675 3705; x_wconf 88' lang='lat' dir='ltr'>quod</span> <span class='ocrx_word' id='word_1_183' title='bbox 696 3620 876 3684; x_wconf 86' lang='lat' dir='ltr'>doctissimi</span> <span class='ocrx_word' id='word_1_184' title='bbox 892 3621 912 3684; x_wconf 88' lang='lat' dir='ltr'>J</span> <span class='ocrx_word' id='word_1_185' title='bbox 918 3620 962 3684; x_wconf 83' lang='lat' dir='ltr'>as</span> <span class='ocrx_word' id='word_1_186' title='bbox 964 3621 981 3683; x_wconf 93' lang='lat' dir='ltr'><strong>f</strong></span> <span class='ocrx_word' id='word_1_187' title='bbox 984 3620 1018 3684; x_wconf 77' lang='lat' dir='ltr'>di</span> <span class='ocrx_word' id='word_1_188' title='bbox 1033 3621 1178 3706; x_wconf 82' lang='lat' dir='ltr'>Regesta</span> <span class='ocrx_word' id='word_1_189' title='bbox 1198 3619 1391 3705; x_wconf 89' lang='lat' dir='ltr'>pontificum</span> <span class='ocrx_word' id='word_1_190' title='bbox 1406 3617 1631 3682; x_wconf 86' lang='lat' dir='ltr'>Romanorum</span> <span class='ocrx_word' id='word_1_191' title='bbox 1646 3619 1819 3683; x_wconf 88' lang='lat' dir='ltr'>continuat</span> <span class='ocrx_word' id='word_1_192' title='bbox 1840 3627 1874 3682; x_wconf 87' lang='lat' dir='ltr'>ct</span> <span class='ocrx_word' id='word_1_193' title='bbox 1888 3619 2044 3683; x_wconf 91' lang='lat' dir='ltr'>subsidiis</span> <span class='ocrx_word' id='word_1_194' title='bbox 2066 3620 2203 3686; x_wconf 91' lang='lat' dir='ltr'>editioni</span> <span class='ocrx_word' id='word_1_195' title='bbox 2285 3635 2289 3644; x_wconf 92' lang='grc'><em>·</em></span> 
     </span>
     <span class='ocr_line' id='line_1_21' title="bbox 229 3725 2204 3812; baseline 0.002 -23"><span class='ocrx_word' id='word_1_196' title='bbox 229 3729 419 3792; x_wconf 85' lang='lat' dir='ltr'>necessariis</span> <span class='ocrx_word' id='word_1_197' title='bbox 439 3729 662 3794; x_wconf 85' lang='lat' dir='ltr'>munificentia</span> <span class='ocrx_word' id='word_1_198' title='bbox 682 3728 865 3793; x_wconf 82' lang='lat' dir='ltr'>academiae</span> <span class='ocrx_word' id='word_1_199' title='bbox 891 3729 1071 3794; x_wconf 85' lang='lat' dir='ltr'>litterarum</span> <span class='ocrx_word' id='word_1_200' title='bbox 1097 3727 1320 3792; x_wconf 89' lang='lat' dir='ltr'>Berolinensis</span> <span class='ocrx_word' id='word_1_201' title='bbox 1343 3727 1463 3812; x_wconf 88' lang='lat' dir='ltr'>partim</span> <span class='ocrx_word' id='word_1_202' title='bbox 1489 3727 1655 3790; x_wconf 85' lang='lat' dir='ltr'>concessis</span> <span class='ocrx_word' id='word_1_203' title='bbox 1676 3727 1711 3790; x_wconf 91' lang='lat' dir='ltr'>in</span> <span class='ocrx_word' id='word_1_204' title='bbox 1733 3726 1839 3792; x_wconf 90' lang='lat' dir='ltr'>lucem</span> <span class='ocrx_word' id='word_1_205' title='bbox 1862 3725 1987 3812; x_wconf 89' lang='lat' dir='ltr'>prodit,</span> <span class='ocrx_word' id='word_1_206' title='bbox 2012 3747 2079 3791; x_wconf 91' lang='lat' dir='ltr'>uuo</span> <span class='ocrx_word' id='word_1_207' title='bbox 2100 3729 2204 3794; x_wconf 86' lang='lat' dir='ltr'>veluti</span> 
     </span>
     <span class='ocr_line' id='line_1_22' title="bbox 226 3833 2204 3922; baseline 0.002 -25"><span class='ocrx_word' id='word_1_208' title='bbox 226 3843 407 3920; x_wconf 89' lang='lat' dir='ltr'>conspectu</span> <span class='ocrx_word' id='word_1_209' title='bbox 434 3859 487 3901; x_wconf 92' lang='lat' dir='ltr'>res</span> <span class='ocrx_word' id='word_1_210' title='bbox 515 3858 673 3922; x_wconf 86' lang='lat' dir='ltr'>paparum</span> <span class='ocrx_word' id='word_1_211' title='bbox 701 3837 743 3900; x_wconf 88' lang='lat' dir='ltr'>ab</span> <span class='ocrx_word' id='word_1_212' title='bbox 764 3836 957 3901; x_wconf 89' lang='lat' dir='ltr'>Innocentio</span> <span class='ocrx_word' id='word_1_213' title='bbox 973 3835 1022 3900; x_wconf 95' lang='lat' dir='ltr'>llI</span> <span class='ocrx_word' id='word_1_214' title='bbox 1049 3857 1155 3921; x_wconf 87' lang='lat' dir='ltr'>usque</span> <span class='ocrx_word' id='word_1_215' title='bbox 1183 3833 1226 3899; x_wconf 89' lang='lat' dir='ltr'>ad</span> <span class='ocrx_word' id='word_1_216' title='bbox 1248 3833 1463 3899; x_wconf 84' lang='lat' dir='ltr'>Benedictum</span> <span class='ocrx_word' id='word_1_217' title='bbox 1479 3833 1531 3898; x_wconf 86' lang='lat' dir='ltr'>Xl</span> <span class='ocrx_word' id='word_1_218' title='bbox 1552 3835 1647 3920; x_wconf 88' lang='lat' dir='ltr'>quasi</span> <span class='ocrx_word' id='word_1_219' title='bbox 1673 3835 1709 3897; x_wconf 92' lang='lat' dir='ltr'>iu</span> <span class='ocrx_word' id='word_1_220' title='bbox 1731 3855 1816 3899; x_wconf 89' lang='lat' dir='ltr'>nuce</span> <span class='ocrx_word' id='word_1_221' title='bbox 1837 3833 1973 3898; x_wconf 87' lang='lat' dir='ltr'>exbibet</span> <span class='ocrx_word' id='word_1_222' title='bbox 1993 3843 2094 3920; x_wconf 90' lang='lat' dir='ltr'>atque</span> <span class='ocrx_word' id='word_1_223' title='bbox 2115 3857 2204 3900; x_wconf 91' lang='lat' dir='ltr'>com·</span> 
     </span>
     <span class='ocr_line' id='line_1_23' title="bbox 227 3941 2205 4030; baseline 0.001 -22"><span class='ocrx_word' id='word_1_224' title='bbox 227 3943 390 4030; x_wconf 85' lang='lat' dir='ltr'>plectitur.</span> <span class='ocrx_word' id='word_1_225' title='bbox 436 3944 559 4009; x_wconf 90' lang='lat' dir='ltr'>Omnes</span> <span class='ocrx_word' id='word_1_226' title='bbox 581 3943 834 4030; x_wconf 88' lang='lat' dir='ltr'>comprehendit</span> <span class='ocrx_word' id='word_1_227' title='bbox 856 3943 1030 4030; x_wconf 81' lang='lat' dir='ltr'>epistolas,</span> <span class='ocrx_word' id='word_1_228' title='bbox 1058 3943 1182 4020; x_wconf 89' lang='lat' dir='ltr'>bullas,</span> <span class='ocrx_word' id='word_1_229' title='bbox 1212 3942 1301 4029; x_wconf 85' lang='lat' dir='ltr'>leges</span> <span class='ocrx_word' id='word_1_230' title='bbox 1324 3943 1577 4017; x_wconf 80' lang='lat' dir='ltr'>ecclesiasticas,</span> <span class='ocrx_word' id='word_1_231' title='bbox 1600 3941 1711 4006; x_wconf 87' lang='lat' dir='ltr'>omnia</span> <span class='ocrx_word' id='word_1_232' title='bbox 1732 3941 1928 4028; x_wconf 87' lang='lat' dir='ltr'>diplomata,</span> <span class='ocrx_word' id='word_1_233' title='bbox 1958 3942 2130 4030; x_wconf 86' lang='lat' dir='ltr'>privilegia</span> <span class='ocrx_word' id='word_1_234' title='bbox 2151 3955 2205 4008; x_wconf 82' lang='lat' dir='ltr'>etc.</span> 
     </span>
     <span class='ocr_line' id='line_1_24' title="bbox 226 4049 2205 4140; baseline 0.001 -25"><span class='ocrx_word' id='word_1_235' title='bbox 226 4073 268 4115; x_wconf 86' lang='lat' dir='ltr'>ex</span> <span class='ocrx_word' id='word_1_236' title='bbox 290 4051 505 4115; x_wconf 87' lang='lat' dir='ltr'>cancellariae</span> <span class='ocrx_word' id='word_1_237' title='bbox 526 4053 727 4136; x_wconf 85' lang='lat' dir='ltr'>apostolicae</span> <span class='ocrx_word' id='word_1_238' title='bbox 749 4053 893 4118; x_wconf 85' lang='lat' dir='ltr'>archivis</span> <span class='ocrx_word' id='word_1_239' title='bbox 916 4061 949 4116; x_wconf 89' lang='lat' dir='ltr'>et</span> <span class='ocrx_word' id='word_1_240' title='bbox 971 4053 1117 4136; x_wconf 84' lang='lat' dir='ltr'>antiquis</span> <span class='ocrx_word' id='word_1_241' title='bbox 1138 4051 1240 4116; x_wconf 91' lang='lat' dir='ltr'>Urbis</span> <span class='ocrx_word' id='word_1_242' title='bbox 1263 4059 1297 4115; x_wconf 91' lang='lat' dir='ltr'>et</span> <span class='ocrx_word' id='word_1_243' title='bbox 1318 4051 1417 4116; x_wconf 90' lang='lat' dir='ltr'>Orbis</span> <span class='ocrx_word' id='word_1_244' title='bbox 1439 4050 1661 4114; x_wconf 88' lang='lat' dir='ltr'>monumentis</span> <span class='ocrx_word' id='word_1_245' title='bbox 1684 4061 1791 4125; x_wconf 86' lang='lat' dir='ltr'>eruta,</span> <span class='ocrx_word' id='word_1_246' title='bbox 1815 4070 1900 4140; x_wconf 91' lang='lat' dir='ltr'>quae</span> <span class='ocrx_word' id='word_1_247' title='bbox 1922 4049 2072 4115; x_wconf 84' lang='lat' dir='ltr'>Romana</span> <span class='ocrx_word' id='word_1_248' title='bbox 2093 4063 2205 4116; x_wconf 87' lang='lat' dir='ltr'>servat</span> 
     </span>
     <span class='ocr_line' id='line_1_25' title="bbox 226 4159 2204 4246; baseline 0.002 -24"><span class='ocrx_word' id='word_1_249' title='bbox 226 4159 365 4222; x_wconf 89' lang='lat' dir='ltr'>ecelesia</span> <span class='ocrx_word' id='word_1_250' title='bbox 387 4179 428 4222; x_wconf 82' lang='lat' dir='ltr'>ex</span> <span class='ocrx_word' id='word_1_251' title='bbox 450 4159 632 4243; x_wconf 87' lang='lat' dir='ltr'>apostolica</span> <span class='ocrx_word' id='word_1_252' title='bbox 653 4161 822 4225; x_wconf 83' lang='lat' dir='ltr'>sanctione</span> <span class='ocrx_word' id='word_1_253' title='bbox 845 4161 932 4225; x_wconf 88' lang='lat' dir='ltr'>intra</span> <span class='ocrx_word' id='word_1_254' title='bbox 952 4182 1058 4224; x_wconf 89' lang='lat' dir='ltr'>annos</span> <span class='ocrx_word' id='word_1_255' title='bbox 1083 4159 1300 4225; x_wconf 75' lang='lat' dir='ltr'>llas-1304</span> <span class='ocrx_word' id='word_1_256' title='bbox 1322 4159 1503 4223; x_wconf 86' lang='lat' dir='ltr'>constituta</span> <span class='ocrx_word' id='word_1_257' title='bbox 1524 4169 1557 4222; x_wconf 91' lang='lat' dir='ltr'>et</span> <span class='ocrx_word' id='word_1_258' title='bbox 1579 4181 1639 4244; x_wconf 88' lang='lat' dir='ltr'>ego</span> <span class='ocrx_word' id='word_1_259' title='bbox 1663 4159 1817 4244; x_wconf 85' lang='lat' dir='ltr'>colligere</span> <span class='ocrx_word' id='word_1_260' title='bbox 1839 4167 1997 4246; x_wconf 88' lang='lat' dir='ltr'>poteram.</span> <span class='ocrx_word' id='word_1_261' title='bbox 2042 4159 2110 4224; x_wconf 90' lang='lat' dir='ltr'>Sed</span> <span class='ocrx_word' id='word_1_262' title='bbox 2132 4159 2204 4225; x_wconf 87' lang='lat' dir='ltr'>the·</span> 
     </span>
     <span class='ocr_line' id='line_1_26' title="bbox 225 4265 2204 4352; baseline 0.001 -22"><span class='ocrx_word' id='word_1_263' title='bbox 225 4287 359 4330; x_wconf 84' lang='lat' dir='ltr'>sauram</span> <span class='ocrx_word' id='word_1_264' title='bbox 382 4265 476 4328; x_wconf 90' lang='lat' dir='ltr'>illum</span> <span class='ocrx_word' id='word_1_265' title='bbox 498 4265 580 4330; x_wconf 91' lang='lat' dir='ltr'>adeo</span> <span class='ocrx_word' id='word_1_266' title='bbox 603 4267 801 4352; x_wconf 86' lang='lat' dir='ltr'>locupletem</span> <span class='ocrx_word' id='word_1_267' title='bbox 816 4289 977 4332; x_wconf 73' lang='lat' dir='ltr'>evacuare</span> <span class='ocrx_word' id='word_1_268' title='bbox 998 4269 1130 4332; x_wconf 88' lang='lat' dir='ltr'>minime</span> <span class='ocrx_word' id='word_1_269' title='bbox 1152 4267 1405 4352; x_wconf 88' lang='lat' dir='ltr'>licuit,.quippe</span> <span class='ocrx_word' id='word_1_270' title='bbox 1427 4289 1500 4330; x_wconf 91' lang='lat' dir='ltr'>cum</span> <span class='ocrx_word' id='word_1_271' title='bbox 1516 4268 1655 4330; x_wconf 82' lang='lat' dir='ltr'>multum</span> <span class='ocrx_word' id='word_1_272' title='bbox 1678 4267 1823 4342; x_wconf 89' lang='lat' dir='ltr'>abesset,</span> <span class='ocrx_word' id='word_1_273' title='bbox 1846 4274 1885 4330; x_wconf 91' lang='lat' dir='ltr'>ut</span> <span class='ocrx_word' id='word_1_274' title='bbox 1898 4267 2027 4352; x_wconf 90' lang='lat' dir='ltr'>copiam</span> <span class='ocrx_word' id='word_1_275' title='bbox 2045 4267 2204 4332; x_wconf 90' lang='lat' dir='ltr'>librorum</span> 
     </span>
     <span class='ocr_line' id='line_1_27' title="bbox 224 4373 2204 4460; baseline 0.002 -24"><span class='ocrx_word' id='word_1_276' title='bbox 224 4373 424 4437; x_wconf 85' lang='lat' dir='ltr'>documenta</span> <span class='ocrx_word' id='word_1_277' title='bbox 438 4374 676 4438; x_wconf 86' lang='lat' dir='ltr'>continentium</span> <span class='ocrx_word' id='word_1_278' title='bbox 692 4375 903 4460; x_wconf 83' lang='lat' dir='ltr'>investigare,</span> <span class='ocrx_word' id='word_1_279' title='bbox 927 4397 1119 4460; x_wconf 88' lang='lat' dir='ltr'>comparare</span> <span class='ocrx_word' id='word_1_280' title='bbox 1139 4382 1240 4459; x_wconf 88' lang='lat' dir='ltr'>atque</span> <span class='ocrx_word' id='word_1_281' title='bbox 1262 4374 1416 4438; x_wconf 81' lang='lat' dir='ltr'>evolvere</span> <span class='ocrx_word' id='word_1_282' title='bbox 1438 4396 1580 4460; x_wconf 89' lang='lat' dir='ltr'>possem.</span> <span class='ocrx_word' id='word_1_283' title='bbox 1625 4375 1770 4438; x_wconf 87' lang='lat' dir='ltr'>Maxime</span> <span class='ocrx_word' id='word_1_284' title='bbox 1792 4374 1906 4449; x_wconf 89' lang='lat' dir='ltr'>doleo,</span> <span class='ocrx_word' id='word_1_285' title='bbox 1929 4373 2021 4459; x_wconf 91' lang='lat' dir='ltr'>quod</span> <span class='ocrx_word' id='word_1_286' title='bbox 2050 4383 2099 4438; x_wconf 88' lang='lat' dir='ltr'>tot</span> <span class='ocrx_word' id='word_1_287' title='bbox 2119 4395 2204 4460; x_wconf 90' lang='lat' dir='ltr'>pon·</span> 
     </span>
     <span class='ocr_line' id='line_1_28' title="bbox 226 4480 2203 4568; baseline 0.001 -24"><span class='ocrx_word' id='word_1_288' title='bbox 226 4481 349 4545; x_wconf 90' lang='lat' dir='ltr'>tificum</span> <span class='ocrx_word' id='word_1_289' title='bbox 370 4480 565 4567; x_wconf 84' lang='lat' dir='ltr'>diplomata,</span> <span class='ocrx_word' id='word_1_290' title='bbox 594 4503 679 4567; x_wconf 87' lang='lat' dir='ltr'>quae</span> <span class='ocrx_word' id='word_1_291' title='bbox 705 4483 793 4550; x_wconf 88' lang='lat' dir='ltr'>inter</span> <span class='ocrx_word' id='word_1_292' title='bbox 820 4483 946 4547; x_wconf 89' lang='lat' dir='ltr'>cineres</span> <span class='ocrx_word' id='word_1_293' title='bbox 975 4483 1101 4548; x_wconf 83' lang='lat' dir='ltr'>archivi</span> <span class='ocrx_word' id='word_1_294' title='bbox 1125 4481 1277 4547; x_wconf 88' lang='lat' dir='ltr'>Vaticani</span> <span class='ocrx_word' id='word_1_295' title='bbox 1304 4482 1436 4568; x_wconf 88' lang='lat' dir='ltr'>sepulta</span> <span class='ocrx_word' id='word_1_296' title='bbox 1462 4483 1570 4548; x_wconf 89' lang='lat' dir='ltr'>iacent</span> <span class='ocrx_word' id='word_1_297' title='bbox 1598 4503 1705 4567; x_wconf 90' lang='lat' dir='ltr'>neque</span> <span class='ocrx_word' id='word_1_298' title='bbox 1733 4492 1814 4545; x_wconf 86' lang='lat' dir='ltr'>nota</span> <span class='ocrx_word' id='word_1_299' title='bbox 1835 4489 1913 4545; x_wconf 87' lang='lat' dir='ltr'>sunt</span> <span class='ocrx_word' id='word_1_300' title='bbox 1936 4489 2070 4544; x_wconf 90' lang='lat' dir='ltr'>nostrae</span> <span class='ocrx_word' id='word_1_301' title='bbox 2092 4484 2203 4557; x_wconf 86' lang='lat' dir='ltr'>aetati,</span> 
     </span>
     <span class='ocr_line' id='line_1_29' title="bbox 226 4589 546 4675; baseline 0 -23"><span class='ocrx_word' id='word_1_302' title='bbox 226 4589 381 4675; x_wconf 80' lang='lat' dir='ltr'>evulgare</span> <span class='ocrx_word' id='word_1_303' title='bbox 403 4589 546 4674; x_wconf 82' lang='lat' dir='ltr'>nequivi.</span> 
     </span>
    </p>

    <p class='ocr_par' dir='ltr' id='par_1_8' title="bbox 225 4694 2206 5646">
     <span class='ocr_line' id='line_1_30' title="bbox 363 4694 2205 4782; baseline 0.001 -22"><span class='ocrx_word' id='word_1_304' title='bbox 363 4697 412 4760; x_wconf 89' lang='lat' dir='ltr'>De</span> <span class='ocrx_word' id='word_1_305' title='bbox 439 4697 568 4760; x_wconf 90' lang='lat' dir='ltr'>ratione</span> <span class='ocrx_word' id='word_1_306' title='bbox 596 4696 671 4760; x_wconf 91' lang='lat' dir='ltr'>libri</span> <span class='ocrx_word' id='word_1_307' title='bbox 700 4695 776 4767; x_wconf 85' lang='lat' dir='ltr'>mei,</span> <span class='ocrx_word' id='word_1_308' title='bbox 810 4717 851 4759; x_wconf 86' lang='lat' dir='ltr'>ex</span> <span class='ocrx_word' id='word_1_309' title='bbox 879 4719 947 4780; x_wconf 88' lang='lat' dir='ltr'>quo</span> <span class='ocrx_word' id='word_1_310' title='bbox 975 4706 1140 4762; x_wconf 81' lang='lat' dir='ltr'>nostrates</span> <span class='ocrx_word' id='word_1_311' title='bbox 1168 4707 1367 4782; x_wconf 82' lang='lat' dir='ltr'>exterasque</span> <span class='ocrx_word' id='word_1_312' title='bbox 1399 4697 1558 4762; x_wconf 86' lang='lat' dir='ltr'>historiae</span> <span class='ocrx_word' id='word_1_313' title='bbox 1585 4695 1753 4760; x_wconf 91' lang='lat' dir='ltr'>studiosos</span> <span class='ocrx_word' id='word_1_314' title='bbox 1782 4694 1957 4778; x_wconf 89' lang='lat' dir='ltr'>plurimum</span> <span class='ocrx_word' id='word_1_315' title='bbox 1992 4695 2205 4761; x_wconf 86' lang='lat' dir='ltr'>emolumenti</span> 
     </span>
     <span class='ocr_line' id='line_1_31' title="bbox 226 4785 2204 4890; baseline 0 -22"><span class='ocrx_word' id='word_1_316' title='bbox 226 4813 382 4890; x_wconf 85' lang='lat' dir='ltr'>capturos</span> <span class='ocrx_word' id='word_1_317' title='bbox 404 4803 552 4879; x_wconf 87' lang='lat' dir='ltr'>conlido,</span> <span class='ocrx_word' id='word_1_318' title='bbox 577 4803 690 4888; x_wconf 87' lang='lat' dir='ltr'>paucis</span> <span class='ocrx_word' id='word_1_319' title='bbox 712 4803 945 4886; x_wconf 90' lang='lat' dir='ltr'>exponendum</span> <span class='ocrx_word' id='word_1_320' title='bbox 968 4804 1112 4880; x_wconf 84' lang='lat' dir='ltr'>videtur,</span> <span class='ocrx_word' id='word_1_321' title='bbox 1136 4815 1174 4870; x_wconf 93' lang='lat' dir='ltr'>ut</span> <span class='ocrx_word' id='word_1_322' title='bbox 1196 4828 1234 4870; x_wconf 90' lang='lat' dir='ltr'>eo</span> <span class='ocrx_word' id='word_1_323' title='bbox 1255 4804 1459 4870; x_wconf 89' lang='lat' dir='ltr'>commodius</span> <span class='ocrx_word' id='word_1_324' title='bbox 1481 4805 1530 4868; x_wconf 87' lang='lat' dir='ltr'>uti</span> <span class='ocrx_word' id='word_1_325' title='bbox 1551 4804 1670 4889; x_wconf 90' lang='lat' dir='ltr'>possis.</span> <span class='ocrx_word' id='word_1_326' title='bbox 1715 4801 1858 4886; x_wconf 85' lang='lat' dir='ltr'>Regesta</span> <span class='ocrx_word' id='word_1_327' title='bbox 1872 4785 2097 4867; x_wconf 79' lang='lat' dir='ltr'>Romanorum</span> <span class='ocrx_word' id='word_1_328' title='bbox 2121 4827 2204 4890; x_wconf 89' lang='lat' dir='ltr'>pon-</span> 
     </span>
     <span class='ocr_line' id='line_1_32' title="bbox 225 4908 2203 4998; baseline 0.002 -25"><span class='ocrx_word' id='word_1_329' title='bbox 225 4911 349 4974; x_wconf 88' lang='lat' dir='ltr'>tificum</span> <span class='ocrx_word' id='word_1_330' title='bbox 370 4913 404 4975; x_wconf 90' lang='lat' dir='ltr'>in</span> <span class='ocrx_word' id='word_1_331' title='bbox 426 4910 660 4976; x_wconf 89' lang='lat' dir='ltr'>secretioribus</span> <span class='ocrx_word' id='word_1_332' title='bbox 683 4909 853 4974; x_wconf 89' lang='lat' dir='ltr'>tabulariis</span> <span class='ocrx_word' id='word_1_333' title='bbox 878 4908 1047 4974; x_wconf 89' lang='lat' dir='ltr'>Vaticanis</span> <span class='ocrx_word' id='word_1_334' title='bbox 1070 4911 1258 4988; x_wconf 85' lang='lat' dir='ltr'>adservata,</span> <span class='ocrx_word' id='word_1_335' title='bbox 1282 4913 1373 4998; x_wconf 86' lang='lat' dir='ltr'>quod</span> <span class='ocrx_word' id='word_1_336' title='bbox 1395 4912 1547 4975; x_wconf 89' lang='lat' dir='ltr'>omnibus</span> <span class='ocrx_word' id='word_1_337' title='bbox 1569 4917 1699 4984; x_wconf 89' lang='lat' dir='ltr'>uotum,</span> <span class='ocrx_word' id='word_1_338' title='bbox 1728 4909 1769 4972; x_wconf 88' lang='lat' dir='ltr'>ab</span> <span class='ocrx_word' id='word_1_339' title='bbox 1793 4909 1987 4974; x_wconf 89' lang='lat' dir='ltr'>Innocentio</span> <span class='ocrx_word' id='word_1_340' title='bbox 2003 4911 2052 4975; x_wconf 91' lang='lat' dir='ltr'>lll</span> <span class='ocrx_word' id='word_1_341' title='bbox 2074 4912 2203 4976; x_wconf 92' lang='lat' dir='ltr'>initium</span> 
     </span>
     <span class='ocr_line' id='line_1_33' title="bbox 227 5015 2203 5104; baseline 0.002 -24"><span class='ocrx_word' id='word_1_342' title='bbox 227 5017 353 5081; x_wconf 90' lang='lat' dir='ltr'>hebent</span> <span class='ocrx_word' id='word_1_343' title='bbox 384 5027 417 5082; x_wconf 88' lang='lat' dir='ltr'>et</span> <span class='ocrx_word' id='word_1_344' title='bbox 449 5019 491 5082; x_wconf 89' lang='lat' dir='ltr'>ad</span> <span class='ocrx_word' id='word_1_345' title='bbox 519 5018 571 5082; x_wconf 92' lang='lat' dir='ltr'>Pii</span> <span class='ocrx_word' id='word_1_346' title='bbox 594 5015 626 5080; x_wconf 90' lang='lat' dir='ltr'>V</span> <span class='ocrx_word' id='word_1_347' title='bbox 654 5039 761 5102; x_wconf 91' lang='lat' dir='ltr'>usque</span> <span class='ocrx_word' id='word_1_348' title='bbox 789 5025 938 5104; x_wconf 84' lang='lat' dir='ltr'>tempora</span> <span class='ocrx_word' id='word_1_349' title='bbox 965 5019 1151 5103; x_wconf 87' lang='lat' dir='ltr'>interrupta</span> <span class='ocrx_word' id='word_1_350' title='bbox 1178 5041 1245 5084; x_wconf 91' lang='lat' dir='ltr'>non</span> <span class='ocrx_word' id='word_1_351' title='bbox 1273 5029 1359 5084; x_wconf 87' lang='lat' dir='ltr'>sunt.</span> <span class='ocrx_word' id='word_1_352' title='bbox 1405 5017 1641 5082; x_wconf 86' lang='lat' dir='ltr'>innocentiana</span> <span class='ocrx_word' id='word_1_353' title='bbox 1668 5025 1799 5104; x_wconf 88' lang='lat' dir='ltr'>regesta</span> <span class='ocrx_word' id='word_1_354' title='bbox 1825 5039 1846 5081; x_wconf 92' lang='lat' dir='ltr'>a</span> <span class='ocrx_word' id='word_1_355' title='bbox 1877 5018 2043 5083; x_wconf 88' lang='lat' dir='ltr'>cardinale</span> <span class='ocrx_word' id='word_1_356' title='bbox 2071 5020 2203 5095; x_wconf 90' lang='lat' dir='ltr'>Sirleto,</span> 
     </span>
     <span class='ocr_line' id='line_1_34' title="bbox 229 5123 2204 5212; baseline 0.003 -26"><span class='ocrx_word' id='word_1_357' title='bbox 229 5123 343 5187; x_wconf 82' lang='lat' dir='ltr'>Franc.</span> <span class='ocrx_word' id='word_1_358' title='bbox 371 5124 567 5210; x_wconf 89' lang='lat' dir='ltr'>Bosquetio,</span> <span class='ocrx_word' id='word_1_359' title='bbox 596 5125 769 5211; x_wconf 86' lang='lat' dir='ltr'>Stephano</span> <span class='ocrx_word' id='word_1_360' title='bbox 792 5125 929 5190; x_wconf 85' lang='lat' dir='ltr'>Baluzio</span> <span class='ocrx_word' id='word_1_361' title='bbox 958 5125 1031 5210; x_wconf 88' lang='lat' dir='ltr'>(lib.</span> <span class='ocrx_word' id='word_1_362' title='bbox 1057 5126 1131 5189; x_wconf 80' lang='lat'><strong>1.·2.</strong></span> <span class='ocrx_word' id='word_1_363' title='bbox 1161 5127 1179 5189; x_wconf 81' lang='lat'>5</span> <span class='ocrx_word' id='word_1_364' title='bbox 1201 5128 1329 5212; x_wconf 88' lang='lat' dir='ltr'>partim.</span> <span class='ocrx_word' id='word_1_365' title='bbox 1355 5128 1401 5190; x_wconf 87' lang='grc'>10.</span> <span class='ocrx_word' id='word_1_366' title='bbox 1428 5127 1474 5190; x_wconf 90' lang='lat' dir='ltr'>ll.</span> <span class='ocrx_word' id='word_1_367' title='bbox 1502 5125 1548 5189; x_wconf 83' lang='lat'>12.</span> <span class='ocrx_word' id='word_1_368' title='bbox 1574 5125 1621 5190; x_wconf 89' lang='grc'>13.</span> <span class='ocrx_word' id='word_1_369' title='bbox 1649 5127 1694 5190; x_wconf 88' lang='grc'>14.</span> <span class='ocrx_word' id='word_1_370' title='bbox 1720 5127 1766 5190; x_wconf 79' lang='lat'>15.</span> <span class='ocrx_word' id='word_1_371' title='bbox 1793 5127 1854 5210; x_wconf 87' lang='lat'><strong>16.)</strong></span> <span class='ocrx_word' id='word_1_372' title='bbox 1883 5137 1916 5191; x_wconf 86' lang='lat' dir='ltr'>et</span> <span class='ocrx_word' id='word_1_373' title='bbox 1942 5147 1962 5190; x_wconf 87' lang='lat' dir='ltr'>a</span> <span class='ocrx_word' id='word_1_374' title='bbox 1988 5125 2134 5191; x_wconf 86' lang='lat' dir='ltr'>Feudrix</span> <span class='ocrx_word' id='word_1_375' title='bbox 2162 5127 2204 5192; x_wconf 91' lang='lat' dir='ltr'>de</span> 
     </span>
     <span class='ocr_line' id='line_1_35' title="bbox 229 5229 2204 5320; baseline 0.002 -26"><span class='ocrx_word' id='word_1_376' title='bbox 229 5229 422 5319; x_wconf 77' lang='lat' dir='ltr'>Brdquiguy</span> <span class='ocrx_word' id='word_1_377' title='bbox 449 5241 482 5296; x_wconf 89' lang='lat' dir='ltr'>et</span> <span class='ocrx_word' id='word_1_378' title='bbox 509 5233 544 5297; x_wconf 86' lang='lat' dir='ltr'>F.</span> <span class='ocrx_word' id='word_1_379' title='bbox 567 5233 592 5298; x_wconf 94' lang='lat' dir='ltr'>I.</span> <span class='ocrx_word' id='word_1_380' title='bbox 616 5234 655 5298; x_wconf 89' lang='lat' dir='ltr'>G.</span> <span class='ocrx_word' id='word_1_381' title='bbox 685 5233 735 5298; x_wconf 89' lang='lat' dir='ltr'>La</span> <span class='ocrx_word' id='word_1_382' title='bbox 756 5234 856 5298; x_wconf 89' lang='lat' dir='ltr'>Porte</span> <span class='ocrx_word' id='word_1_383' title='bbox 884 5234 930 5298; x_wconf 93' lang='lat' dir='ltr'>du</span> <span class='ocrx_word' id='word_1_384' title='bbox 952 5233 1051 5298; x_wconf 77' lang='lat' dir='ltr'>&#39;l&#39;heil</span> <span class='ocrx_word' id='word_1_385' title='bbox 1079 5233 1151 5317; x_wconf 92' lang='lat' dir='ltr'>(lib.</span> <span class='ocrx_word' id='word_1_386' title='bbox 1175 5235 1203 5298; x_wconf 84' lang='lat'>3.</span> <span class='ocrx_word' id='word_1_387' title='bbox 1228 5236 1256 5298; x_wconf 80' lang='lat' dir='ltr'>u.</span> <span class='ocrx_word' id='word_1_388' title='bbox 1281 5236 1308 5298; x_wconf 82' lang='lat'>7.</span> <span class='ocrx_word' id='word_1_389' title='bbox 1331 5235 1360 5298; x_wconf 83' lang='grc'><strong>8.</strong></span> <span class='ocrx_word' id='word_1_390' title='bbox 1384 5235 1427 5318; x_wconf 80' lang='lat' dir='ltr'>il.)</span> <span class='ocrx_word' id='word_1_391' title='bbox 1457 5255 1516 5318; x_wconf 91' lang='lat' dir='ltr'>per</span> <span class='ocrx_word' id='word_1_392' title='bbox 1543 5241 1655 5320; x_wconf 88' lang='lat' dir='ltr'>partes</span> <span class='ocrx_word' id='word_1_393' title='bbox 1685 5241 1719 5298; x_wconf 90' lang='lat' dir='ltr'>et</span> <span class='ocrx_word' id='word_1_394' title='bbox 1744 5255 1764 5297; x_wconf 89' lang='lat' dir='ltr'>a</span> <span class='ocrx_word' id='word_1_395' title='bbox 1790 5234 1815 5298; x_wconf 92' lang='grc' dir='ltr'><strong>Ι.</strong></span> <span class='ocrx_word' id='word_1_396' title='bbox 1839 5233 1875 5297; x_wconf 90' lang='grc' dir='ltr'><strong>Ρ.</strong></span> <span class='ocrx_word' id='word_1_397' title='bbox 1900 5234 2012 5320; x_wconf 86' lang='lat' dir='ltr'>llligne</span> <span class='ocrx_word' id='word_1_398' title='bbox 2039 5235 2074 5296; x_wconf 93' lang='lat' dir='ltr'>in</span> <span class='ocrx_word' id='word_1_399' title='bbox 2102 5257 2204 5298; x_wconf 92' lang='lat' dir='ltr'>unum</span> 
     </span>
     <span class='ocr_line' id='line_1_36' title="bbox 226 5339 2204 5428; baseline 0.002 -25"><span class='ocrx_word' id='word_1_400' title='bbox 226 5339 367 5404; x_wconf 88' lang='lat' dir='ltr'>collecta</span> <span class='ocrx_word' id='word_1_401' title='bbox 387 5341 451 5402; x_wconf 87' lang='lat' dir='ltr'>iarn</span> <span class='ocrx_word' id='word_1_402' title='bbox 474 5339 599 5424; x_wconf 91' lang='lat' dir='ltr'>pridem</span> <span class='ocrx_word' id='word_1_403' title='bbox 622 5341 710 5406; x_wconf 87' lang='lat' dir='ltr'>edita</span> <span class='ocrx_word' id='word_1_404' title='bbox 732 5349 818 5406; x_wconf 91' lang='lat' dir='ltr'>sunt.</span> <span class='ocrx_word' id='word_1_405' title='bbox 863 5341 938 5406; x_wconf 89' lang='lat' dir='ltr'>Non</span> <span class='ocrx_word' id='word_1_406' title='bbox 962 5363 1068 5428; x_wconf 89' lang='lat' dir='ltr'>pauca</span> <span class='ocrx_word' id='word_1_407' title='bbox 1088 5341 1285 5428; x_wconf 80' lang='lat' dir='ltr'>Raynaldus</span> <span class='ocrx_word' id='word_1_408' title='bbox 1306 5339 1491 5408; x_wconf 85' lang='lat' dir='ltr'>Annalibus</span> <span class='ocrx_word' id='word_1_409' title='bbox 1513 5342 1582 5406; x_wconf 91' lang='lat' dir='ltr'>suis</span> <span class='ocrx_word' id='word_1_410' title='bbox 1609 5342 1840 5406; x_wconf 86' lang='lat' dir='ltr'>ecclesiasticis</span> <span class='ocrx_word' id='word_1_411' title='bbox 1867 5343 2020 5418; x_wconf 88' lang='lat' dir='ltr'>inseruit,</span> <span class='ocrx_word' id='word_1_412' title='bbox 2050 5342 2123 5418; x_wconf 88' lang='lat' dir='ltr'>sed,</span> <span class='ocrx_word' id='word_1_413' title='bbox 2147 5345 2204 5428; x_wconf 93' lang='lat' dir='ltr'>qui</span> 
     </span>
     <span class='ocr_line' id='line_1_37' title="bbox 227 5447 2203 5538; baseline 0.001 -28"><span class='ocrx_word' id='word_1_414' title='bbox 227 5469 299 5510; x_wconf 87' lang='lat' dir='ltr'>mos</span> <span class='ocrx_word' id='word_1_415' title='bbox 321 5447 425 5533; x_wconf 90' lang='lat' dir='ltr'>ipsius</span> <span class='ocrx_word' id='word_1_416' title='bbox 441 5455 525 5523; x_wconf 88' lang='lat' dir='ltr'>erat,</span> <span class='ocrx_word' id='word_1_417' title='bbox 547 5469 626 5518; x_wconf 88' lang='lat' dir='ltr'>raru</span> <span class='ocrx_word' id='word_1_418' title='bbox 645 5449 822 5514; x_wconf 87' lang='lat' dir='ltr'>admodum</span> <span class='ocrx_word' id='word_1_419' title='bbox 843 5451 986 5536; x_wconf 87' lang='lat' dir='ltr'>integra,</span> <span class='ocrx_word' id='word_1_420' title='bbox 1010 5472 1110 5538; x_wconf 88' lang='lat' dir='ltr'>saepe</span> <span class='ocrx_word' id='word_1_421' title='bbox 1132 5472 1230 5536; x_wconf 87' lang='lat' dir='ltr'>quam</span> <span class='ocrx_word' id='word_1_422' title='bbox 1252 5451 1397 5514; x_wconf 88' lang='lat' dir='ltr'>breviter</span> <span class='ocrx_word' id='word_1_423' title='bbox 1419 5450 1607 5536; x_wconf 87' lang='lat' dir='ltr'>perstricta,</span> <span class='ocrx_word' id='word_1_424' title='bbox 1631 5469 1871 5534; x_wconf 85' lang='lat' dir='ltr'>nonnunquam</span> <span class='ocrx_word' id='word_1_425' title='bbox 1893 5472 1974 5514; x_wconf 81' lang='lat' dir='ltr'>vero</span> <span class='ocrx_word' id='word_1_426' title='bbox 1997 5450 2203 5534; x_wconf 87' lang='lat' dir='ltr'>aliquantum</span> 
     </span>
     <span class='ocr_line' id='line_1_38' title="bbox 229 5553 2206 5646; baseline 0.002 -30"><span class='ocrx_word' id='word_1_427' title='bbox 229 5553 415 5620; x_wconf 80' lang='lat' dir='ltr'>mendosa=</span> <span class='ocrx_word' id='word_1_428' title='bbox 443 5557 645 5640; x_wconf 87' lang='lat' dir='ltr'>Argumenta</span> <span class='ocrx_word' id='word_1_429' title='bbox 666 5565 795 5621; x_wconf 86' lang='lat' dir='ltr'>tantum</span> <span class='ocrx_word' id='word_1_430' title='bbox 817 5558 975 5623; x_wconf 90' lang='lat' dir='ltr'>librorum</span> <span class='ocrx_word' id='word_1_431' title='bbox 998 5559 1026 5623; x_wconf 86' lang='lat'>3.</span> <span class='ocrx_word' id='word_1_432' title='bbox 1051 5559 1079 5622; x_wconf 79' lang='lat'>4.</span> <span class='ocrx_word' id='word_1_433' title='bbox 1105 5560 1151 5624; x_wconf 75' lang='lat'>18.</span> <span class='ocrx_word' id='word_1_434' title='bbox 1176 5567 1209 5622; x_wconf 91' lang='lat' dir='ltr'>et</span> <span class='ocrx_word' id='word_1_435' title='bbox 1234 5558 1279 5622; x_wconf 88' lang='grc'>19.</span> <span class='ocrx_word' id='word_1_436' title='bbox 1304 5560 1386 5646; x_wconf 81' lang='lat' dir='ltr'>Aug.</span> <span class='ocrx_word' id='word_1_437' title='bbox 1411 5557 1559 5623; x_wconf 89' lang='lat' dir='ltr'>Theiner</span> <span class='ocrx_word' id='word_1_438' title='bbox 1581 5557 1705 5643; x_wconf 89' lang='lat' dir='ltr'>publici</span> <span class='ocrx_word' id='word_1_439' title='bbox 1732 5558 1813 5621; x_wconf 90' lang='lat' dir='ltr'>iuris</span> <span class='ocrx_word' id='word_1_440' title='bbox 1843 5557 1929 5622; x_wconf 86' lang='lat' dir='ltr'>fecit.</span> <span class='ocrx_word' id='word_1_441' title='bbox 1952 5595 1994 5606; x_wconf 90' lang='lat'><em>-</em></span> <span class='ocrx_word' id='word_1_442' title='bbox 2016 5557 2098 5622; x_wconf 90' lang='lat' dir='ltr'>Fere</span> <span class='ocrx_word' id='word_1_443' title='bbox 2120 5557 2206 5620; x_wconf 91' lang='lat' dir='ltr'>nulli</span> 
     </span>
    </p>
   </div>
   <div class='ocr_carea' id='block_1_7' title="bbox 0 0 2534 6532">
    <p class='ocr_par' dir='ltr' id='par_1_9' title="bbox 0 0 2534 6532">
     <span class='ocr_line' id='line_1_39' title="bbox 0 0 2534 6532; baseline 0 0"><span class='ocrx_word' id='word_1_444' title='bbox 0 0 2534 6532; x_wconf 95' lang='lat' dir='ltr'> </span> 
     </span>
    </p>
   </div>
  </div>
 </body>
</html>
