5090 6516
765 585 1114 686 HONORIUS
1139 589 1226 686 ΠΙ.
1277 589 1596 688 itio-1227.

648 852 758 925 1217.

186 945 268 1018 Sept
279 945 312 1004 21
399 946 552 1004 Ferentini
646 947 735 1017 (5604)
754 948 904 1029 (alberto)
918 949 1059 1030 episcopo
1076 951 1246 1032 bivonieusi
1271 952 1427 1034 indulget,
1440 955 1476 1010 ut
1496 952 1527 1032 iu
1544 951 1682 1022 partibus
1699 951 1841 1032 Livouiae
1858 951 2005 1009 ecclesias
2024 952 2170 1034 instituat

680 1016 869 1096 cathedrales
896 1019 1052 1097 iconibus
1071 1035 1152 1076 viros
1170 1021 1293 1078 idoneos
1311 1021 1403 1090 eligat
1420 1037 1451 1078 ru
1462 1035 1619 1091 66666666
1632 1024 1671 1088 66,
1689 1023 1844 1078 accersitis
1863 1021 1979 1076 duobus
2000 1022 2049 1076 vel
2067 1022 2170 1102 tribus

678 1057 2171 1215 1666(1661666666611616..66166661666166116

679 1217 782 1288 cange
801 1218 874 1274 66(
891 1219 950 1276 un.
967 1222 989 1276 1.
1000 1154 1043 1278 61.
1061 1195 1147 1291 11340,
1165 1172 1199 1294 ξι
1218 1225 1278 1277 66.
1296 1173 1417 1292 nagge„
1438 1227 1477 1281 11.
1496 1239 1529 1281 n⁰
1540 1223 1584 1280 46.
1601 1196 1637 1263 -’
1656 1172 1746 1282 -cuir
1764 1224 1794 1280 tn
1812 1223 1974 1294 partibus.·
2161 1197 2169 1227 '

644 1317 733 1388 (5605)
752 1317 905 1374 Ecclesiae
918 1333 941 1373 6.
950 1317 1070 1386 Agnelli
1082 1319 1119 1400 de
1129 1317 1276 1401 Gnarciuo
1287 1320 1327 1402 (16
1337 1321 1510 1445 06666616)
1519 1321 1718 1392 patrocinium
1731 1321 1867 1402 suscipit,
1880 1321 1945 1380 eius
1959 1322 2169 1404 possessiones

678 1401 714 1441 ac
733 1387 811 1442 bona
828 1385 988 1443 confirmat
1011 1393 1042 1442 66
1065 1388 1205 1510 6661666
1225 1390 1380 1460 privilegia
1398 1407 1414 1445 6
1428 1395 1554 1458 angitur.
1588 1405 1632 1444 vn
1645 1390 1703 1470 kal.
1716 1389 1780 1446 066
1791 1391 1892 1447 indict
1905 1391 1952 1474 Vl.
1965 1407 2078 1448 incarn.
2091 1391 2169 1448 dom.

677 1469 709 1508 6ο
724 1454 798 1512 1217.
810 1459 891 1525 pont
904 1470 936 1510 a0
947 1454 987 1510 2⁰.
1005 1460 1012 1524 1(
1031 1455 1132 1526 Spica.
1150 1455 1248 1512 Liber.
1260 1457 1319 1515 tas
1337 1473 1371 1513 6ο
1382 1457 1425 1514 25.
1442 1487 1478 1498 -
1497 1457 1659 1514 =Effectum
1676 1461 1756 1513 iusta
1774 1459 2025 1528 postulantibus·

643 1565 732 1638 (5606)
750 1565 859 1648 Ε61666
881 1567 908 1624 16
929 1583 985 1640 666
1007 1569 1171 1626 marchiam
1188 1569 1407 1628 anconitanam
1431 1569 1602 1628 constitutis
1627 1571 1733 1629 scribit
1750 1572 1787 1628 de
1804 1571 1987 1630 Fanensium
2005 1590 2170 1646 eorumque

677 1639 837 1706 potestatis
896 1637 1024 1705 bergetti
1041 1637 1213 1708 insolentia,
1237 1656 1312 1710 quos
1337 1655 1392 1709 pro
1416 1639 1619 1697 destructione
1637 1639 1951 1711 Forcsempronieusis
1969 1641 2116 1699 ecclesiae
2135 1647 2167 1699 ct

676 1702 902 1826 perturbatione
926 1721 962 1761 ac
984 1704 1118 1763 laesione
1136 1707 1285 1764 libertatis
1310 1705 1455 1764 ecclesiae
1473 1707 1619 1764 Fanensis
1637 1707 1775 1776 Andreas
1800 1709 2003 1767 subdiaconus
2022 1715 2053 1766 et
2070 1711 2170 1781 capel-

689 1786 765 1826 anus
789 1787 864 1828 suus
888 1777 960 1828 tunc
984 1773 1014 1829 iu
1039 1774 1176 1845 partibus
1199 1775 1260 1832 illis
1285 1792 1428 1832 exercens
1453 1775 1584 1832 officium
1610 1775 1767 1844 legationis
1786 1776 2096 1834 excommunicaverat
2113 1787 2171 1850 (6.,

676 1838 2167 1982 6666611616616666(166666611111161111116111116

676 1973 800 2030 1666666.
819 1924 1030 2033 6616667111.
1043 1978 1103 2035 328.
1122 1981 1210 2035 mit.
1228 1915 1821 2050 -1156661166116666616686666667
1948 1955 1955 1970 ⁸
2026 1955 2034 1984 ⁹
2161 1955 2168 1971 ⁸

642 2067 788 2144 (ailberto)
807 2073 947 2148 66166666
960 2075 1143 2135 Livonicnsi:
1165 2077 1327 2136 »Ferrarae
1344 2079 1371 2136 ll
1383 2077 1443 2136 kal.
1456 2077 1519 2136 Oct.
1532 2093 1564 2135 a⁰
1576 2077 1633 2136 2⁰«.
1650 2081 1659 2147 (Ι
1676 2078 1783 2148 Dogiel
1796 2077 1867 2136 Ocd.
1880 2078 1950 2151 dipl.
1962 2077 2065 2136 Polon.
2078 2081 2112 2138 V.
2126 2081 2169 2151 10,

675 2143 726 2194 661.
747 2141 820 2198 1217.
839 2143 921 2215 Sept
933 2143 976 2202 21.
993 2161 1027 2202 n⁰
1040 2147 1116 2203 5604

201 2243 308 2301 0662
405 2246 545 2304 ‚Romam
640 2255 672 2294 vr
683 2255 751 2296 nou.
763 2238 826 2296 Oet.
845 2241 1086 2368 dominusaegapa
1103 2243 1252 2300 Honorius
1276 2261 1418 2302 reversus
1443 2247 1513 2302 est·
1537 2245 1545 2314 1(
1570 2245 1677 2302 016666
1694 2245 1809 2304 Fossae
1827 2246 1931 2304 Novae
1949 2263 1997 2318 ap.
2016 2246 2166 2304 Muratori

676 2307 739 2364 Sor.
751 2325 810 2366 rer.
824 2309 887 2366 ltat
900 2310 961 2366 Vll.
1037 2311 1095 2382 (aab
1107 2319 1159 2366 tit:
1175 2314 1284 2370 Annal.
1297 2313 1476 2371 Oeccanens.
1489 2329 1537 2384 ap.
1548 2313 1637 2370 Perta
1650 2315 1728 2372 Mon.
1741 2314 1839 2372 Germ
1852 2315 1921 2372 hist
1934 2331 1993 2372 scr.
2006 2313 2082 2372 XIX.
2094 2315 2168 2387 302).

216 2455 228 2477 .
290 2431 308 2488 5
396 2433 538 2492 Laterani
640 2421 729 2494 (5607)
749 2422 836 2480 Claro
849 2423 1023 2481 Placentino
1042 2429 1145 2482 uotum
1163 2425 1244 2496 facit,
1262 2440 1281 2482 6
1298 2425 1415 2482 nunciis
1433 2426 1557 2498 capituli
1574 2429 1605 2484 et
1622 2445 1641 2484 a
1658 2431 1855 2500 procuratore
1872 2428 1968 2501 ipsius
1982 2429 2055 2486 clari
2069 2428 2167 2499 (Vice-

676 2491 827 2547 dominum
846 2493 1046 2549 Oossadocam
1068 2493 1273 2565 praepositum
1291 2495 1498 2551 Placentinum
1524 2496 1705 2553 unanimiter
1721 2497 1752 2553 in
1769 2501 1922 2568 pastorem
1941 2501 1972 2554 et
1990 2498 2168 2568 episcopum

677 2560 729 2615 -dc
746 2566 851 2616 nostro
869 2561 1008 2618 consilio·
1029 2577 1098 2618 esse
1116 2563 1245 2618 electum
1262 2561 1390 2632 illosque
1408 2564 1595 2634 postulasse,
1620 2569 1654 2620 ut
1672 2565 1748 2621 banc
1766 2565 1943 2621 electionem
1962 2566 2166 2622 confirmaret

677 2625 774 2683 ·Licet
792 2630 875 2684 clara
893 2629 935 2684 sit
952 2629 1034 2686 sama
1050 2645 1124 2700 prae
1147 2629 1214 2687 ositi
1232 2631 1389 2686 memorati
1402 2648 1461 2711 ...3
1479 2629 1549 2701 quia
1560 2635 1662 2688 tamen
1675 2632 1810 2688 Romana
1822 2633 1951 2689 ecclesia
1964 2633 2040 2689 citra
2053 2633 2165 2689 exami-

674 2695 804 2774 nationis
822 2695 1006 2764 diiigentiam
1023 2713 1113 2767 proce
1134 2714 1186 2756 666
1204 2715 1263 2755 666
1281 2699 1436 2755 consuevit
1453 2715 1483 2755 iu
1502 2699 1628 2770 talibus,
1651 2700 1785 2772 ipsorum
1803 2701 1943 2770 precibus
1962 2717 2096 2758 annuere
2115 2717 2166 2758 ne-

674 2761 823 2832 quivimus
841 2763 871 2819 16
890 2765 945 2820 666
984 2771 1059 2822 arte.
1095 2766 1231 2822 Sed
1250 2767 1469 2837 concessimus,
1493 2771 1526 2823 ut
1550 2767 1628 2823 idem
1646 2768 1837 2840 praepositus
1856 2767 1886 2824 in
1905 2769 2114 2839 spiritualibus
2135 2771 2167 2824 66

674 2831 890 2912 temporalibus
917 2781 1075 2889 6661661666
1100 2833 1305 2892 Placentiuam
1332 2835 1427 2891 libere
1452 2833 1676 2892 amministret-
1712 2851 1824 2892 mncn.
1837 2835 1998 2894 Octavio.
2024 2837 2033 2907 (
2060 2837 2166 2910 Oarnpi

676 2897 752 2954 Hist
770 2900 800 2954 (1(
817 2899 966 2957 Placenaa
983 2901 1081 2958 11115
1099 2910 1195 2956 amisso
1213 2910 1296 2955 6666.

639 2999 728 3070 (5608)
746 2999 962 3057 Monasterium
979 3018 1004 3058 s.
1020 3001 1131 3058 Fidelis
1150 3001 1186 3058 de
1204 2999 1319 3072 Puppio
1338 2971 1502 3058 secundum
1520 3001 1549 3058 b.
1566 3001 1718 3058 Benedicti
1735 3003 1874 3082 regulam
1890 3006 1984 3072 atque
2002 3002 2164 3060 institutio·

674 3083 742 3150 nem
760 3067 1030 3148 vallumbrosanae
1048 3067 1289 3149 congregationis
1307 3069 1364 3126 sub
1382 3067 1510 3151 6.,Ρ6661
1528 3075 1558 3126 66
1577 3085 1633 3126 666
1650 3075 1835 3152 protectione
1853 3070 1981 3142 suscipit
2000 3086 2165 3194 66666366

675 3151 739 3192 eius
757 3151 965 3206 possessiones
983 3153 1019 3193 ac
1037 3137 1116 3193 bona
1134 3144 1307 3192 nominatim
1325 3137 1469 3205 exhibita,
1489 3153 1555 3193 tura
1573 3153 1610 3193 ac
1627 3139 1784 3209 privilegia
1801 3139 1967 3194 coufirmat
2003 3154 2035 3194 vl
2046 3138 2085 3194 id.
2124 3141 2163 3194 ct.

673 3203 864 3327 {nffigjng'
877 3204 990 3261 incarn.
1003 3206 1079 3261 dom.
1092 3219 1123 3260 ao
1135 3205 1210 3262 1217.
1221 3209 1302 3275 pont
1314 3219 1346 3260 6ο
1356 3204 1395 3260 2ο.
1407 3207 1415 3274 1)
1433 3203 1556 3260 Scldaui
1569 3205 1645 3261 Hist.
1658 3205 1694 3261 de
1706 3204 1885 3262 Passiniauo
1900 3206 1958 3262 124.
1972 3236 2007 3246 -
2021 3204 2162 3268 =Quoties

638 3370 655 3404 ⁶
674 3370 763 3440 (5609)
781 3369 945 3451 (Gaufrido)
964 3369 1104 3492 episcopo
1123 3367 1341 3451 Silyauectensi
1359 3375 1390 3426 et
1407 3368 1510 3450 abbati
1521 3369 1718 3441 Longipontis
1736 3369 1896 3451 committit
1912 3369 2115 3428 visitationem
2132 3375 2164 3449 et

673 3439 916 3494 reformationem
940 3437 1079 3494 abatiae
1104 3437 1292 3494 s.V1ncentn
1315 3437 1378 3494 ord.
1401 3451 1611 3493 canomcorum
1634 3437 1827 3508 regulnnum.
1863 3439 2041 3496 61611166.
2054 3439 2137 3496 6626.
2155 3448 2163 3510 p

673 3505 831 3576 Maurique
848 3507 924 3562 Anu.
943 3505 1067 3563 Gisterc.
1085 3505 1131 3562 lV.
1146 3507 1203 3562 115.

640 3605 728 3676 (5610)
753 3605 942 3676 Β(666666(16)
966 3604 1020 3661 SS.
1043 3603 1182 3661 lobannis
1207 3605 1238 3660 et
1260 3601 1347 3659 Pauli
1372 3603 1551 3673 presbytero
1578 3601 1723 3658 cardinali
1746 3603 1931 3673 apostolieae
1955 3604 2036 3662 sedis
2059 3605 2160 3675 legato

672 3672 788 3742 scribit,
805 3673 967 3744 (iacobum)
985 3689 1087 3742 regem
1098 3675 1273 3742 Aragonum
1290 3687 1327 3728 ac
1344 3669 1501 3728 universos
1520 3669 1636 3728 nobiles
1647 3670 1759 3750 ‘fideles
1778 3669 1843 3728 cius
1861 3673 2112 3754 perAragoniam
2130 3677 2161 3731 et

673 3741 880 3798 Gatbaloniam
897 3742 1077 3798 constitutos
1095 3757 1129 3798 se
1146 3740 1304 3808 accingere
1316 3740 1355 3796 ad
1366 3738 1600 3810 impugnandum
1613 3738 1784 3810 Stamenem)
1803 3745 1941 3797 comitem
1953 3741 2161 3814 MontisiortiS,

696 3809 727 3866 ui
752 3810 790 3865 ad
814 3809 988 3866 mandatum
1006 3809 1203 3880 apostolicum
1221 3813 1334 3864 terram
1352 3823 1426 3866 suae
1445 3806 1608 3864 nativitatis
1626 3805 1754 3887 exiverit
1770 3809 1800 3863 et
1818 3810 1982 3865 accesserit
2000 3810 2039 3866 ad
2056 3813 2160 3880 partes

675 3824 849 3934 1666166166
873 3893 928 3948 666
951 3876 1176 3934 exterminanda
1200 3875 1350 3933 haeretica
1395 3875 1536 3944 revitate,
1562 3875 1633 3932 licet
1655 3890 1723 3930 eum
1746 3891 1776 3930 ru
1800 3876 1938 3946 partibus
1957 3877 2017 3934 illis
2036 3894 2105 3934 esse
2123 3879 2160 3935 de

674 3943 769 4014 ipsius
788 3945 934 4004 ecclesiae
946 3945 1099 4002 Romanae
1117 3945 1258 4024 mandato
1271 3960 1312 4025 ‘ac
1330 3891 1394 4000 661
1406 3941 1530 4024 66661611
1548 3941 1612 4024 eius
1630 3942 1815 4014 protectione
1828 3943 1993 4001 consistere
2006 3961 2065 4001 non
2077 3947 2159 4016 igno·

672 4017 749 4080 rent,
767 4015 938 4084 contempta
950 4013 1161 4070 constitutione
1174 4014 1291 4069 conciln
1303 4011 1453 4081 generalis
1467 4027 1527 4081 qua
1538 4011 1717 4080 ordinatum,
1734 4014 1769 4066 ut
1780 4027 1839 4082 pax
1851 4013 1899 4070 vel
1912 4015 2020 4070 saltem
2033 4018 2159 4082 treugae

672 4079 704 4136 iu
725 4085 789 4136 tcto
815 4082 888 4137 orbe
909 4095 964 4152 per
987 4081 1215 4152 quadriennium
1239 4085 1443 4137 servarentur.
1478 4077 1583 4146 Addit,
1610 4095 1644 4136 66
1668 4095 1770 4148 regem
1794 4083 1825 4135 66
1843 4079 1959 4136 nobiles
1978 4087 2160 4139 memoratos

672 4149 886 4217 monuissent
903 4155 1009 4205 contra
1026 4149 1138 4206 dictum
1155 4149 1293 4205 comitem
1311 4162 1397 4204 66666
1414 4147 1588 4203 6611666666
1605 4163 1725 4203 movere
1743 4153 1948 4217 praesumant
1983 4147 2106 4205 Mandat
2124 4149 2161 4216 61,

673 4219 719 4285 66,
737 4217 764 4272 si
781 4215 825 4272 illi
844 4217 889 4272 bis
907 4217 1027 4274 monitis
1046 4217 1196 4274 contratre
1213 4215 1484 4288 praesumpserint,
1508 4230 1740 4285 percensuram
1759 4215 2012 4287 ecclesiasticam,
2029 4232 2161 4288 persona

671 4284 919 4410 Eefistdunhtlalixat
928 4289 1063 4358 excepta,
1074 4302 1126 4342 eos
1137 4287 1315 4356 compescat
1344 4299 1364 4339 x
1376 4283 1560 4339 161116660
1569 4283 1608 4340 2ο.
1618 4290 1626 4352 ,i
1637 4283 1775 4353 Bouquet
1784 4283 1853 4339 Rec.
1863 4283 1940 4340 XIX.
1950 4283 2009 4340 637.
2021 4315 2056 4324 -
2070 4284 2161 4341 »Cum

693 4369 749 4408 (66
763 4369 800 4409 66
863 4369 923 4410 66.·

638 4450 727 4522 (5611)
746 4451 900 4523 (Arualdo)
924 4451 1112 4532 blarbonensi
1136 4451 1360 4574 archiegiseopo
1384 4452 1415 4506 66
1438 4448 1581 4521 (Galtero)
1608 4448 1747 4520 episcopo
1765 4447 1908 4506 Elenensi
1931 4449 2095 4521 praecipit,
2119 4454 2162 4590 ut]

671 4518 742 4575 licet
760 4523 995 4577 controversiam
1013 4520 1091 4576 inter
1115 4536 1167 4576 eos
1186 4523 1217 4575 et
1257 4518 1407 4588 (amonem)
1426 4517 1563 4574 comitem
1581 4515 1780 4572 Montisfortis
1799 4522 1934 4573 exertam
1947 4517 2148 4587 Btertrandus

672 4585 717 4642 tit
735 4587 788 4644 SS.
805 4588 944 4644 Iohannis
969 4595 1000 4644 et
1018 4587 1104 4643 Pauli
1128 4589 1229 4658 presb.
1253 4585 1332 4642 card
1355 4583 1641 4656 apostolicaesedis
1664 4585 1784 4653 legatus
1809 4585 1992 4642 commodius
2019 4586 2160 4644 dirimere

672 4655 813 4725 potuerit,
828 4655 908 4730 inira
925 4655 1030 4726 viginti
1049 4656 1113 4712 dies
1131 4655 1332 4726 personaliter
1349 4653 1495 4776 arripiant
1512 4652 1570 4708 iter
1587 4653 1626 4708 ad
1643 4667 1753 4723 papam
1771 4652 1922 4723 veniendi,
1941 4669 2009 4710 cum
2029 4670 2083 4724 pro
2102 4654 2159 4734 biis

672 4722 713 4779 sit
736 4723 1122 4848 661660666ῧ66ῒ6683116666
1144 4726 1347 4796 provocatum
1382 4737 1402 4776 x
1435 4721 1473 4777 al.
1486 4719 1654 4778 Nov.a⁰2⁰.
1671 4723 1679 4788 Ι(
1698 4718 1836 4790 Bouquet
1852 4721 1910 4777 16
1927 4721 1988 4778 637.
2006 4751 2041 4762 -
2062 4722 2161 4779 »Licet

673 4805 766 4861 quaes
782 4807 865 4848 iones
884 4807 921 4848 66
943 4807 960 4846 6
1029 4815 1051 4846 .·

638 4889 728 4960 (5612)
746 4890 901 4959 06616666)
919 4889 985 4958 regi
998 4889 1136 4946 Boemiae
1154 4889 1268 4959 scribit,
1286 4904 1320 4944 66
1338 4891 1408 4944 aute
1426 4887 1587 4944 adventum
1604 4887 1780 4943 nunciorum
1799 4886 1864 4944 eius
1885 4887 1959 4944 nibil
1972 4889 2078 4944 contra
2089 4889 2163 4946 Boe·

671 4957 762 5014 miam
781 4958 931 5014 lecturum
949 4973 1027 5014 esse.
1061 4973 1093 5013 rv
1105 4973 1174 5013 non.
1186 4957 1258 5013 Nov.
1271 4973 1303 5012 aa
1314 4955 1354 5012 2⁰.
1370 4954 1381 5024 1
1397 4955 1498 5012 Erben
1516 4955 1590 5018 1666.
1602 4955 1721 5012 Bohem
1735 4955 1754 5010 1.
1766 4955 1825 5012 274.
1844 4971 1877 5010 6ο
1891 4956 1957 5026 583;
1976 4958 2009 5026 as.
2028 4956 2163 5029 Palacky
2264 5001 2267 5009 ,

672 5025 822 5081 11616621.
840 5041 873 5081 n⁰
886 5027 934 5097 593
962 5026 1081 5082 Boczek
1099 5025 1169 5082 Cod.
1188 5025 1258 5096 dipl
1275 5024 1388 5080 Morav.
1405 5024 1440 5079 11.
1451 5025 1494 5080 95.
1511 5039 1545 5078 u⁰
1557 5013 1599 5080 82
1618 5053 1653 5064 -
1672 5021 1819 5079 »Litteras
1838 5024 2013 5080 serenitatis
2031 5028 2126 5080 tuae.-

639 5123 663 5180 E
685 5123 785 5196 166666
805 5123 880 5186 Quin
903 5123 1131 5182 aeecclesiensi:
1152 5123 1280 5204 »Romae
1298 5139 1345 5194 ap.
1364 5123 1394 5180 S.
1413 5121 1556 5180 Sabinam
1573 5139 1605 5178 rn
1618 5139 1687 5178 non.
1699 5121 1773 5179 ch.
1785 5138 1817 5179 a⁰
1830 5123 1916 5248 2⁰«.AE
1932 5121 2011 5204 Mon.
2029 5124 2163 5193 Hungar.

676 5193 750 5318 Q·
765 5143 971 5317 1111317146
988 5195 1055 5246 mule
1077 5193 1209 5249 Honorio
1228 5190 1266 5247 111
1291 5191 1421 5254 16106666·
1447 5198 1548 5261 acriptc
1572 5197 1609 5245 aet
1629 5191 1693 5244 daec
1710 5193 1820 5261 epistola
1838 5191 1872 5244 ab
1919 5207 2021 5250 onorio
2039 5193 2087 5263 lv,
2111 5195 2163 5248 aid.

211 5380 223 5402 ·
286 5358 305 5414 4
398 5360 543 5418 Laterani
640 5359 728 5429 (5613)
747 5359 854 5429 (Petro
873 5359 1083 5427 (1606606116)
1102 5357 1325 5440 6666166166666
1344 5357 1777 5440 Senonensietsuffraganeis
1796 5358 2006 5439 6166666666,
2028 5357 2164 5430 P(etrum

673 5428 710 5484 de
723 5428 905 5498 (turtiniaco)
918 5428 1129 5500 imperatorem
1142 5427 1504 5496 Constantinopolitanum
1522 5427 1552 5484 in
1563 5431 1670 5484 (666666
1682 5442 1737 5498 666
1748 5425 1914 5483 Romaniae
1927 5431 2029 5498 partes
2042 5432 2164 5498 captum

674 5512 743 5554 esse
765 5501 796 5553 66
817 5496 958 5566 detineri,
983 5500 1014 5552 et
1037 5496 1154 5552 Latinis
1180 5494 1379 5550 existentibus
1407 5494 1437 5551 in
1462 5493 1587 5568 imperio
1611 5498 1777 5551 memorato
1804 5494 1973 5565 periculum
1999 5495 2164 5554 imuninere.

673 5563 797 5620 Mandat
809 5563 862 5634 eis,
879 5566 1021 5621 moueant
1032 5563 1137 5620 fideles
1155 5579 1211 5634 per
1222 5561 1357 5634 ipsorum
1374 5562 1509 5621 dioceses
1523 5563 1713 5633 constitutcS,
1731 5565 1765 5619 ut
1777 5563 1876 5620 crucis
1895 5568 2051 5635 assumpto
2064 5564 2166 5634 signa·
