<?xml version="1.0" encoding="UTF-8"?>
<!DOCTYPE html PUBLIC "-//W3C//DTD XHTML 1.0 Transitional//EN"
    "http://www.w3.org/TR/xhtml1/DTD/xhtml1-transitional.dtd">
<html xmlns="http://www.w3.org/1999/xhtml" xml:lang="en" lang="en">
 <head>
  <title>
</title>
<meta http-equiv="Content-Type" content="text/html;charset=utf-8" />
  <meta name='ocr-system' content='tesseract 3.04.00' />
  <meta name='ocr-capabilities' content='ocr_page ocr_carea ocr_par ocr_line ocrx_word'/>
</head>
<body>
  <div class='ocr_page' id='page_1' title='image "./regestapontific00popegoog_0073.png"; bbox 0 0 5060 6532; ppageno 0'>
   <div class='ocr_carea' id='block_1_1' title="bbox 689 617 1624 721">
    <p class='ocr_par' dir='ltr' id='par_1_1' title="bbox 689 617 1624 721">
     <span class='ocr_line' id='line_1_1' title="bbox 689 617 1624 721; baseline -0.004 -1"><span class='ocrx_word' id='word_1_1' title='bbox 689 620 1147 721; x_wconf 80' lang='lat' dir='ltr'><strong>INNOCENTIUS</strong></span> <span class='ocrx_word' id='word_1_2' title='bbox 1172 621 1260 719; x_wconf 90' lang='lat' dir='ltr'><strong>III.</strong></span> <span class='ocrx_word' id='word_1_3' title='bbox 1311 617 1624 721; x_wconf 70' lang='lat' dir='ltr'><strong>iias-1216.</strong></span> 
     </span>
    </p>
   </div>
   <div class='ocr_carea' id='block_1_2' title="bbox 630 891 741 963">
    <p class='ocr_par' dir='ltr' id='par_1_2' title="bbox 630 891 741 963">
     <span class='ocr_line' id='line_1_2' title="bbox 630 891 741 963; baseline 0 -1"><span class='ocrx_word' id='word_1_4' title='bbox 630 891 741 963; x_wconf 92' lang='grc'><strong>1199.</strong></span> 
     </span>
    </p>
   </div>
   <div class='ocr_carea' id='block_1_3' title="bbox 660 983 2152 1193">
    <p class='ocr_par' dir='ltr' id='par_1_3' title="bbox 660 983 2152 1193">
     <span class='ocr_line' id='line_1_3' title="bbox 663 983 2131 1108; baseline 0.005 -69"><span class='ocrx_word' id='word_1_5' title='bbox 663 993 739 1070; x_wconf 67' lang='lat' dir='ltr'><strong>ripae</strong></span> <span class='ocrx_word' id='word_1_6' title='bbox 756 985 871 1039; x_wconf 67' lang='grc'><strong>5555551.</strong></span> <span class='ocrx_word' id='word_1_7' title='bbox 888 987 897 1054; x_wconf 94' lang='grc'><strong>))</strong></span> <span class='ocrx_word' id='word_1_8' title='bbox 914 985 1012 1042; x_wconf 90' lang='lat' dir='ltr'><strong>lnnoc.</strong></span> <span class='ocrx_word' id='word_1_9' title='bbox 1030 985 1084 1067; x_wconf 83' lang='grc'><strong>115.</strong></span> <span class='ocrx_word' id='word_1_10' title='bbox 1101 986 1147 1042; x_wconf 89' lang='lat' dir='ltr'><strong>ed.</strong></span> <span class='ocrx_word' id='word_1_11' title='bbox 1164 983 1277 1041; x_wconf 86' lang='lat' dir='ltr'><strong>Baluze</strong></span> <span class='ocrx_word' id='word_1_12' title='bbox 1295 985 1316 1040; x_wconf 98' lang='grc' dir='ltr'><strong>Ι.</strong></span> <span class='ocrx_word' id='word_1_13' title='bbox 1333 985 1394 1042; x_wconf 73' lang='lat'><strong>328.</strong></span> <span class='ocrx_word' id='word_1_14' title='bbox 1411 1001 1444 1041; x_wconf 82' lang='grc' dir='ltr'><strong>5ο</strong></span> <span class='ocrx_word' id='word_1_15' title='bbox 1462 986 1528 1058; x_wconf 81' lang='grc'><strong>574,</strong></span> <span class='ocrx_word' id='word_1_16' title='bbox 1546 984 1619 1108; x_wconf 39' lang='grc'><strong>0515..</strong></span> <span class='ocrx_word' id='word_1_17' title='bbox 1637 985 1682 1042; x_wconf 88' lang='grc'><strong>55.</strong></span> <span class='ocrx_word' id='word_1_18' title='bbox 1694 985 1735 1042; x_wconf 88' lang='lat' dir='ltr'><strong>Mi</strong></span> <span class='ocrx_word' id='word_1_19' title='bbox 1777 986 1825 1042; x_wconf 93' lang='grc'><strong>51.</strong></span> <span class='ocrx_word' id='word_1_20' title='bbox 1838 987 1896 1044; x_wconf 75' lang='grc'><strong>527.</strong></span> <span class='ocrx_word' id='word_1_21' title='bbox 1914 1005 1947 1045; x_wconf 75' lang='lat' dir='ltr'><strong>ui</strong></span> <span class='ocrx_word' id='word_1_22' title='bbox 1960 991 2024 1058; x_wconf 78' lang='lat'><strong>5743</strong></span> <span class='ocrx_word' id='word_1_23' title='bbox 2053 991 2131 1047; x_wconf 86' lang='lat' dir='ltr'><strong>Liini</strong></span> 
     </span>
     <span class='ocr_line' id='line_1_4' title="bbox 660 1051 2152 1193; baseline 0.005 -84"><span class='ocrx_word' id='word_1_24' title='bbox 660 1053 936 1193; x_wconf 33' lang='lat' dir='ltr'><strong>{psszoeccl&#39;gg‘nti</strong></span> <span class='ocrx_word' id='word_1_25' title='bbox 948 1053 1225 1193; x_wconf 44' lang='lat' dir='ltr'><strong>ghississfftffissh·</strong></span> <span class='ocrx_word' id='word_1_26' title='bbox 1235 1051 1309 1123; x_wconf 86' lang='lat' dir='ltr'>XX.)</span> <span class='ocrx_word' id='word_1_27' title='bbox 1322 1053 1381 1111; x_wconf 88' lang='grc'><strong>699.</strong></span> <span class='ocrx_word' id='word_1_28' title='bbox 1420 1053 1460 1127; x_wconf 65' lang='grc' dir='ltr'><strong>ΟΥ.</strong></span> <span class='ocrx_word' id='word_1_29' title='bbox 1474 1053 1566 1110; x_wconf 85' lang='lat' dir='ltr'><strong>Gesta</strong></span> <span class='ocrx_word' id='word_1_30' title='bbox 1595 1053 1711 1124; x_wconf 70' lang='lat'>-1544;</span> <span class='ocrx_word' id='word_1_31' title='bbox 1754 1055 1960 1126; x_wconf 81' lang='lat' dir='ltr'><strong>oehmchcg.</strong></span> <span class='ocrx_word' id='word_1_32' title='bbox 1973 1058 2088 1116; x_wconf 88' lang='grc'><strong>1198-1</strong></span> <span class='ocrx_word' id='word_1_33' title='bbox 2144 1101 2152 1116; x_wconf 98' lang='grc'><strong>.</strong></span> 
     </span>
    </p>
   </div>
   <div class='ocr_carea' id='block_1_4' title="bbox 530 1221 2152 1295">
    <p class='ocr_par' dir='ltr' id='par_1_4' title="bbox 530 1221 2152 1295">
     <span class='ocr_line' id='line_1_5' title="bbox 530 1221 2152 1295; baseline 0.002 -15"><span class='ocrx_word' id='word_1_34' title='bbox 530 1223 541 1294; x_wconf 94' lang='grc'><strong>)</strong></span> <span class='ocrx_word' id='word_1_35' title='bbox 630 1223 701 1295; x_wconf 78' lang='grc'><strong>(612)</strong></span> <span class='ocrx_word' id='word_1_36' title='bbox 719 1223 767 1278; x_wconf 91' lang='lat' dir='ltr'><strong>W.</strong></span> <span class='ocrx_word' id='word_1_37' title='bbox 785 1222 923 1280; x_wconf 90' lang='lat' dir='ltr'><strong>comitem</strong></span> <span class='ocrx_word' id='word_1_38' title='bbox 941 1223 1139 1280; x_wconf 84' lang='lat' dir='ltr'><strong>Gasertanum</strong></span> <span class='ocrx_word' id='word_1_39' title='bbox 1156 1224 1245 1292; x_wconf 76' lang='lat' dir='ltr'><strong>rogat</strong></span> <span class='ocrx_word' id='word_1_40' title='bbox 1262 1225 1294 1278; x_wconf 88' lang='grc'><strong>55</strong></span> <span class='ocrx_word' id='word_1_41' title='bbox 1310 1224 1425 1293; x_wconf 91' lang='lat' dir='ltr'><strong>monet,</strong></span> <span class='ocrx_word' id='word_1_42' title='bbox 1449 1221 1542 1278; x_wconf 85' lang='lat' dir='ltr'><strong>faciat</strong></span> <span class='ocrx_word' id='word_1_43' title='bbox 1564 1224 1599 1278; x_wconf 92' lang='lat' dir='ltr'><strong>ut</strong></span> <span class='ocrx_word' id='word_1_44' title='bbox 1614 1221 1799 1293; x_wconf 88' lang='lat' dir='ltr'><strong>Daibuldus,</strong></span> <span class='ocrx_word' id='word_1_45' title='bbox 1821 1225 1956 1280; x_wconf 90' lang='lat' dir='ltr'><strong>occultus</strong></span> <span class='ocrx_word' id='word_1_46' title='bbox 1979 1225 2048 1282; x_wconf 91' lang='lat' dir='ltr'><strong>olim</strong></span> <span class='ocrx_word' id='word_1_47' title='bbox 2071 1243 2152 1284; x_wconf 92' lang='lat' dir='ltr'><strong>nunc</strong></span> 
     </span>
    </p>
   </div>
   <div class='ocr_carea' id='block_1_5' title="bbox 663 1290 2178 1564">
    <p class='ocr_par' dir='ltr' id='par_1_5' title="bbox 663 1290 2178 1564">
     <span class='ocr_line' id='line_1_6' title="bbox 670 1290 2151 1374; baseline 0.003 -26"><span class='ocrx_word' id='word_1_48' title='bbox 670 1293 772 1374; x_wconf 68' lang='lat' dir='ltr'><strong>antem</strong></span> <span class='ocrx_word' id='word_1_49' title='bbox 788 1290 967 1347; x_wconf 86' lang='lat' dir='ltr'><strong>manifestus</strong></span> <span class='ocrx_word' id='word_1_50' title='bbox 985 1293 1161 1362; x_wconf 87' lang='lat' dir='ltr'><strong>persecutor</strong></span> <span class='ocrx_word' id='word_1_51' title='bbox 1178 1290 1259 1359; x_wconf 81' lang='lat' dir='ltr'><strong>regis</strong></span> <span class='ocrx_word' id='word_1_52' title='bbox 1278 1292 1308 1346; x_wconf 92' lang='lat' dir='ltr'><strong>et</strong></span> <span class='ocrx_word' id='word_1_53' title='bbox 1325 1290 1423 1360; x_wconf 80' lang='lat' dir='ltr'><strong>regni,</strong></span> <span class='ocrx_word' id='word_1_54' title='bbox 1440 1294 1470 1346; x_wconf 90' lang='lat' dir='ltr'><strong>et</strong></span> <span class='ocrx_word' id='word_1_55' title='bbox 1487 1290 1553 1360; x_wconf 86' lang='lat' dir='ltr'><strong>alii,</strong></span> <span class='ocrx_word' id='word_1_56' title='bbox 1570 1305 1645 1361; x_wconf 88' lang='lat' dir='ltr'><strong>quos</strong></span> <span class='ocrx_word' id='word_1_57' title='bbox 1664 1306 1732 1347; x_wconf 90' lang='lat' dir='ltr'><strong>cuni</strong></span> <span class='ocrx_word' id='word_1_58' title='bbox 1749 1291 1814 1362; x_wconf 90' lang='lat' dir='ltr'><strong>ipso</strong></span> <span class='ocrx_word' id='word_1_59' title='bbox 1837 1293 1963 1363; x_wconf 88' lang='lat' dir='ltr'><strong>ceperit,</strong></span> <span class='ocrx_word' id='word_1_60' title='bbox 1980 1297 2043 1349; x_wconf 89' lang='lat' dir='ltr'><strong>tam</strong></span> <span class='ocrx_word' id='word_1_61' title='bbox 2061 1298 2151 1352; x_wconf 86' lang='lat' dir='ltr'><strong>caute</strong></span> 
     </span>
     <span class='ocr_line' id='line_1_7' title="bbox 663 1357 2178 1428; baseline 0.003 -14"><span class='ocrx_word' id='word_1_62' title='bbox 663 1359 822 1428; x_wconf 77' lang='lat' dir='ltr'><strong>dihgenter</strong></span> <span class='ocrx_word' id='word_1_63' title='bbox 839 1363 870 1415; x_wconf 89' lang='lat' dir='ltr'><strong>et</strong></span> <span class='ocrx_word' id='word_1_64' title='bbox 887 1361 969 1414; x_wconf 86' lang='lat' dir='ltr'><strong>arcte</strong></span> <span class='ocrx_word' id='word_1_65' title='bbox 993 1357 1214 1428; x_wconf 81' lang='lat' dir='ltr'><strong>custodiantur,</strong></span> <span class='ocrx_word' id='word_1_66' title='bbox 1239 1357 1333 1428; x_wconf 79' lang='lat' dir='ltr'><strong>»quod</strong></span> <span class='ocrx_word' id='word_1_67' title='bbox 1356 1373 1412 1413; x_wconf 88' lang='lat' dir='ltr'><strong>nec</strong></span> <span class='ocrx_word' id='word_1_68' title='bbox 1434 1357 1540 1426; x_wconf 81' lang='lat' dir='ltr'><strong>fugere</strong></span> <span class='ocrx_word' id='word_1_69' title='bbox 1564 1357 1681 1428; x_wconf 78' lang='lat' dir='ltr'><strong>possint</strong></span> <span class='ocrx_word' id='word_1_70' title='bbox 1716 1375 1772 1414; x_wconf 93' lang='lat' dir='ltr'><strong>nec</strong></span> <span class='ocrx_word' id='word_1_71' title='bbox 1793 1358 2006 1416; x_wconf 89' lang='lat' dir='ltr'><strong>circumvenire</strong></span> <span class='ocrx_word' id='word_1_72' title='bbox 2029 1359 2178 1419; x_wconf 87' lang='lat' dir='ltr'><strong>valcant&#39;</strong></span> 
     </span>
     <span class='ocr_line' id='line_1_8' title="bbox 663 1399 2152 1508; baseline 0.003 -25"><span class='ocrx_word' id='word_1_73' title='bbox 663 1429 734 1483; x_wconf 87' lang='lat' dir='ltr'><strong>tuae</strong></span> <span class='ocrx_word' id='word_1_74' title='bbox 752 1426 927 1508; x_wconf 75' lang='lat' dir='ltr'><strong>industriam</strong></span> <span class='ocrx_word' id='word_1_75' title='bbox 945 1426 1127 1496; x_wconf 83' lang='lat' dir='ltr'><strong>probitatis·</strong></span> <span class='ocrx_word' id='word_1_76' title='bbox 1167 1427 1230 1480; x_wconf 78' lang='lat' dir='ltr'><strong>Sine</strong></span> <span class='ocrx_word' id='word_1_77' title='bbox 1240 1433 1315 1497; x_wconf 71' lang='lat' dir='ltr'><strong>eiquo</strong></span> <span class='ocrx_word' id='word_1_78' title='bbox 1327 1425 1442 1506; x_wconf 69' lang='lat' dir='ltr'><strong>chronol.</strong></span> <span class='ocrx_word' id='word_1_79' title='bbox 1460 1428 1469 1494; x_wconf 80' lang='grc' dir='ltr'><strong>Ι)</strong></span> <span class='ocrx_word' id='word_1_80' title='bbox 1486 1427 1583 1482; x_wconf 91' lang='grc'><strong>15555.</strong></span> <span class='ocrx_word' id='word_1_81' title='bbox 1595 1425 1649 1497; x_wconf 86' lang='lat' dir='ltr'><strong>Ep.</strong></span> <span class='ocrx_word' id='word_1_82' title='bbox 1661 1399 1707 1482; x_wconf 78' lang='grc'><strong>55.</strong></span> <span class='ocrx_word' id='word_1_83' title='bbox 1719 1425 1830 1482; x_wconf 83' lang='lat' dir='ltr'><strong>Baluze</strong></span> <span class='ocrx_word' id='word_1_84' title='bbox 1842 1427 1863 1483; x_wconf 90' lang='lat'><strong>1.</strong></span> <span class='ocrx_word' id='word_1_85' title='bbox 1875 1428 1934 1485; x_wconf 76' lang='lat'><strong>328.</strong></span> <span class='ocrx_word' id='word_1_86' title='bbox 1947 1444 1981 1484; x_wconf 74' lang='lat' dir='ltr'><strong>ni</strong></span> <span class='ocrx_word' id='word_1_87' title='bbox 1992 1429 2058 1498; x_wconf 79' lang='lat'><strong>5753</strong></span> <span class='ocrx_word' id='word_1_88' title='bbox 2077 1429 2152 1503; x_wconf 92' lang='grc'><strong>055.</strong></span> 
     </span>
     <span class='ocr_line' id='line_1_9' title="bbox 665 1493 1495 1564; baseline -0.005 -12"><span class='ocrx_word' id='word_1_89' title='bbox 665 1495 711 1553; x_wconf 92' lang='grc'><strong>55.</strong></span> <span class='ocrx_word' id='word_1_90' title='bbox 723 1494 821 1564; x_wconf 80' lang='lat' dir='ltr'><strong>Migne</strong></span> <span class='ocrx_word' id='word_1_91' title='bbox 833 1495 855 1550; x_wconf 93' lang='lat' dir='ltr'><strong>l.</strong></span> <span class='ocrx_word' id='word_1_92' title='bbox 866 1493 927 1551; x_wconf 77' lang='lat'><strong>528.</strong></span> <span class='ocrx_word' id='word_1_93' title='bbox 939 1509 973 1548; x_wconf 67' lang='lat' dir='ltr'><strong>ne</strong></span> <span class='ocrx_word' id='word_1_94' title='bbox 985 1494 1044 1552; x_wconf 82' lang='grc'><strong>575.</strong></span> <span class='ocrx_word' id='word_1_95' title='bbox 1062 1525 1096 1534; x_wconf 91' lang='grc'>-</span> <span class='ocrx_word' id='word_1_96' title='bbox 1116 1493 1214 1550; x_wconf 82' lang='lat' dir='ltr'><strong>-hicet</strong></span> <span class='ocrx_word' id='word_1_97' title='bbox 1229 1493 1375 1550; x_wconf 89' lang='lat' dir='ltr'><strong>hactenus</strong></span> <span class='ocrx_word' id='word_1_98' title='bbox 1394 1495 1495 1549; x_wconf 79' lang='lat' dir='ltr'><strong>mter.‹</strong></span> 
     </span>
    </p>
   </div>
   <div class='ocr_carea' id='block_1_6' title="bbox 630 1591 2150 1732">
    <p class='ocr_par' dir='ltr' id='par_1_6' title="bbox 630 1591 2150 1732">
     <span class='ocr_line' id='line_1_10' title="bbox 630 1591 2150 1676; baseline 0.002 -24"><span class='ocrx_word' id='word_1_99' title='bbox 630 1595 702 1676; x_wconf 79' lang='grc'><strong>(613)</strong></span> <span class='ocrx_word' id='word_1_100' title='bbox 720 1594 931 1676; x_wconf 79' lang='lat' dir='ltr'><strong>Panormitano</strong></span> <span class='ocrx_word' id='word_1_101' title='bbox 959 1595 1111 1666; x_wconf 83' lang='lat' dir='ltr'><strong>Capuanc,</strong></span> <span class='ocrx_word' id='word_1_102' title='bbox 1123 1592 1289 1674; x_wconf 68' lang='lat' dir='ltr'><strong>Baginensi</strong></span> <span class='ocrx_word' id='word_1_103' title='bbox 1306 1595 1337 1650; x_wconf 87' lang='lat' dir='ltr'><strong>et</strong></span> <span class='ocrx_word' id='word_1_104' title='bbox 1355 1591 1465 1674; x_wconf 77' lang='lat' dir='ltr'><strong>Montis</strong></span> <span class='ocrx_word' id='word_1_105' title='bbox 1482 1591 1605 1672; x_wconf 74' lang='lat' dir='ltr'><strong>Regalis</strong></span> <span class='ocrx_word' id='word_1_106' title='bbox 1623 1592 1855 1664; x_wconf 75' lang='lat' dir='ltr'><strong>archiepiscopis</strong></span> <span class='ocrx_word' id='word_1_107' title='bbox 1873 1595 1904 1651; x_wconf 89' lang='lat' dir='ltr'><strong>et</strong></span> <span class='ocrx_word' id='word_1_108' title='bbox 1921 1596 2060 1668; x_wconf 91' lang='lat' dir='ltr'><strong>episcopo</strong></span> <span class='ocrx_word' id='word_1_109' title='bbox 2078 1597 2150 1655; x_wconf 85' lang='lat' dir='ltr'><strong>Tro·</strong></span> 
     </span>
     <span class='ocr_line' id='line_1_11' title="bbox 666 1636 2150 1732; baseline 0.001 -12"><span class='ocrx_word' id='word_1_110' title='bbox 666 1679 735 1720; x_wconf 87' lang='lat' dir='ltr'><strong>iano</strong></span> <span class='ocrx_word' id='word_1_111' title='bbox 759 1663 877 1720; x_wconf 90' lang='lat' dir='ltr'><strong>scribit:</strong></span> <span class='ocrx_word' id='word_1_112' title='bbox 904 1636 1100 1720; x_wconf 69' lang='lat' dir='ltr'><strong>-tionstaucia</strong></span> <span class='ocrx_word' id='word_1_113' title='bbox 1122 1665 1297 1732; x_wconf 82' lang='lat' dir='ltr'><strong>imperatrix</strong></span> <span class='ocrx_word' id='word_1_114' title='bbox 1319 1660 1464 1716; x_wconf 85' lang='lat' dir='ltr'><strong>Fridenci</strong></span> <span class='ocrx_word' id='word_1_115' title='bbox 1487 1659 1605 1716; x_wconf 76' lang='lat' dir='ltr'><strong>Siciliae</strong></span> <span class='ocrx_word' id='word_1_116' title='bbox 1628 1660 1709 1729; x_wconf 79' lang='lat' dir='ltr'><strong>regis</strong></span> <span class='ocrx_word' id='word_1_117' title='bbox 1731 1663 1856 1717; x_wconf 89' lang='lat' dir='ltr'><strong>tutelam</strong></span> <span class='ocrx_word' id='word_1_118' title='bbox 1882 1665 1912 1719; x_wconf 92' lang='grc'><strong>55</strong></span> <span class='ocrx_word' id='word_1_119' title='bbox 1934 1663 2020 1732; x_wconf 76' lang='lat' dir='ltr'><strong>regni</strong></span> <span class='ocrx_word' id='word_1_120' title='bbox 2036 1665 2150 1723; x_wconf 89' lang='lat' dir='ltr'><strong>balium</strong></span> 
     </span>
    </p>
   </div>
   <div class='ocr_carea' id='block_1_7' title="bbox 664 1728 2152 2057">
    <p class='ocr_par' dir='ltr' id='par_1_7' title="bbox 664 1728 2152 2057">
     <span class='ocr_line' id='line_1_12' title="bbox 664 1728 2152 1800; baseline 0.003 -12"><span class='ocrx_word' id='word_1_121' title='bbox 664 1730 751 1788; x_wconf 88' lang='lat' dir='ltr'><strong>nobis</strong></span> <span class='ocrx_word' id='word_1_122' title='bbox 768 1733 948 1788; x_wconf 88' lang='lat' dir='ltr'><strong>testamento</strong></span> <span class='ocrx_word' id='word_1_123' title='bbox 966 1730 1088 1800; x_wconf 89' lang='lat' dir='ltr'><strong>reliquit</strong></span> <span class='ocrx_word' id='word_1_124' title='bbox 1105 1733 1136 1786; x_wconf 91' lang='lat' dir='ltr'><strong>et</strong></span> <span class='ocrx_word' id='word_1_125' title='bbox 1152 1745 1208 1786; x_wconf 90' lang='lat' dir='ltr'><strong>nos</strong></span> <span class='ocrx_word' id='word_1_126' title='bbox 1227 1744 1319 1800; x_wconf 88' lang='lat' dir='ltr'><strong>super</strong></span> <span class='ocrx_word' id='word_1_127' title='bbox 1336 1731 1405 1785; x_wconf 87' lang='lat' dir='ltr'><strong>utro</strong></span> <span class='ocrx_word' id='word_1_128' title='bbox 1425 1744 1464 1784; x_wconf 88' lang='lat' dir='ltr'><strong>ue</strong></span> <span class='ocrx_word' id='word_1_129' title='bbox 1481 1729 1520 1784; x_wconf 90' lang='lat' dir='ltr'><strong>ab</strong></span> <span class='ocrx_word' id='word_1_130' title='bbox 1539 1728 1675 1784; x_wconf 91' lang='lat' dir='ltr'><strong>omnibus</strong></span> <span class='ocrx_word' id='word_1_131' title='bbox 1687 1729 1857 1785; x_wconf 75' lang='lat' dir='ltr'><strong>assecurari</strong></span> <span class='ocrx_word' id='word_1_132' title='bbox 1874 1731 2034 1789; x_wconf 86' lang='lat' dir='ltr'><strong>mandavit</strong></span> <span class='ocrx_word' id='word_1_133' title='bbox 2066 1733 2152 1792; x_wconf 89' lang='lat' dir='ltr'><strong>Licet</strong></span> 
     </span>
     <span class='ocr_line' id='line_1_13' title="bbox 664 1795 2150 1882; baseline 0.003 -28"><span class='ocrx_word' id='word_1_134' title='bbox 664 1801 765 1880; x_wconf 79' lang='lat' dir='ltr'><strong>autern</strong></span> <span class='ocrx_word' id='word_1_135' title='bbox 781 1801 994 1882; x_wconf 74' lang='lat' dir='ltr'><strong>testamentum</strong></span> <span class='ocrx_word' id='word_1_136' title='bbox 1011 1797 1050 1880; x_wconf 74' lang='lat' dir='ltr'><strong>ini</strong></span> <span class='ocrx_word' id='word_1_137' title='bbox 1072 1797 1208 1878; x_wconf 75' lang='lat' dir='ltr'><strong>oratricis</strong></span> <span class='ocrx_word' id='word_1_138' title='bbox 1226 1795 1359 1876; x_wconf 81' lang='lat' dir='ltr'><strong>eiusdem</strong></span> <span class='ocrx_word' id='word_1_139' title='bbox 1381 1811 1419 1853; x_wconf 90' lang='lat' dir='ltr'><strong>no</strong></span> <span class='ocrx_word' id='word_1_140' title='bbox 1441 1795 1467 1852; x_wconf 91' lang='lat' dir='ltr'><strong>is</strong></span> <span class='ocrx_word' id='word_1_141' title='bbox 1485 1797 1693 1866; x_wconf 85' lang='lat' dir='ltr'><strong>exspectemus</strong></span> <span class='ocrx_word' id='word_1_142' title='bbox 1716 1812 1771 1867; x_wconf 87' lang='lat' dir='ltr'><strong>per</strong></span> <span class='ocrx_word' id='word_1_143' title='bbox 1788 1799 1904 1854; x_wconf 88' lang='lat' dir='ltr'><strong>vestros</strong></span> <span class='ocrx_word' id='word_1_144' title='bbox 1922 1799 2042 1880; x_wconf 81' lang='lat' dir='ltr'><strong>nuntios</strong></span> <span class='ocrx_word' id='word_1_145' title='bbox 2061 1801 2150 1858; x_wconf 90' lang='lat' dir='ltr'><strong>desti·</strong></span> 
     </span>
     <span class='ocr_line' id='line_1_14' title="bbox 664 1863 2150 2057; baseline -0.007 -67"><span class='ocrx_word' id='word_1_146' title='bbox 664 1883 746 2057; x_wconf 55' lang='lat' dir='ltr'><strong>utiq</strong></span> <span class='ocrx_word' id='word_1_147' title='bbox 763 1863 1766 2005; x_wconf 55' lang='grc'><strong>5151111555511151559551551155515195</strong></span> <span class='ocrx_word' id='word_1_148' title='bbox 1766 1867 1894 2002; x_wconf 68' lang='lat' dir='ltr'><strong>itti</strong></span> <span class='ocrx_word' id='word_1_149' title='bbox 1903 1882 2068 1992; x_wconf 61' lang='lat' dir='ltr'><strong>ttulit</strong></span> <span class='ocrx_word' id='word_1_150' title='bbox 2083 1870 2150 1994; x_wconf 66' lang='lat' dir='ltr'><strong>iti:</strong></span> 
     </span>
    </p>
   </div>
   <div class='ocr_carea' id='block_1_8' title="bbox 664 1998 2152 2510">
    <p class='ocr_par' dir='ltr' id='par_1_8' title="bbox 664 1998 2152 2510">
     <span class='ocr_line' id='line_1_15' title="bbox 665 1998 2150 2075; baseline 0.002 -17"><span class='ocrx_word' id='word_1_151' title='bbox 665 2002 734 2059; x_wconf 90' lang='lat' dir='ltr'><strong>dina</strong></span> <span class='ocrx_word' id='word_1_152' title='bbox 747 2019 794 2060; x_wconf 90' lang='lat' dir='ltr'><strong>eni</strong></span> <span class='ocrx_word' id='word_1_153' title='bbox 811 2001 994 2072; x_wconf 87' lang='lat' dir='ltr'><strong>apostolicae</strong></span> <span class='ocrx_word' id='word_1_154' title='bbox 1011 2001 1091 2057; x_wconf 89' lang='lat' dir='ltr'><strong>sedis</strong></span> <span class='ocrx_word' id='word_1_155' title='bbox 1109 2001 1257 2072; x_wconf 78' lang='lat' dir='ltr'><strong>legatum,</strong></span> <span class='ocrx_word' id='word_1_156' title='bbox 1274 2015 1378 2057; x_wconf 85' lang='lat' dir='ltr'><strong>verani</strong></span> <span class='ocrx_word' id='word_1_157' title='bbox 1397 2001 1427 2056; x_wconf 89' lang='lat' dir='ltr'><strong>ct</strong></span> <span class='ocrx_word' id='word_1_158' title='bbox 1443 2001 1576 2056; x_wconf 85' lang='lat' dir='ltr'><strong>vetarem</strong></span> <span class='ocrx_word' id='word_1_159' title='bbox 1592 1999 1678 2070; x_wconf 82' lang='lat' dir='ltr'><strong>regni</strong></span> <span class='ocrx_word' id='word_1_160' title='bbox 1696 1998 1814 2055; x_wconf 90' lang='lat' dir='ltr'><strong>Sicihae</strong></span> <span class='ocrx_word' id='word_1_161' title='bbox 1832 2003 2009 2070; x_wconf 89' lang='lat' dir='ltr'><strong>amatorem,</strong></span> <span class='ocrx_word' id='word_1_162' title='bbox 2027 2003 2077 2073; x_wconf 90' lang='lat' dir='ltr'><strong>qni</strong></span> <span class='ocrx_word' id='word_1_163' title='bbox 2094 2020 2150 2075; x_wconf 91' lang='lat' dir='ltr'><strong>pro</strong></span> 
     </span>
     <span class='ocr_line' id='line_1_16' title="bbox 664 2067 2148 2140; baseline 0.001 -14"><span class='ocrx_word' id='word_1_164' title='bbox 664 2071 777 2127; x_wconf 89' lang='lat' dir='ltr'><strong>honore</strong></span> <span class='ocrx_word' id='word_1_165' title='bbox 802 2069 898 2140; x_wconf 89' lang='lat' dir='ltr'><strong>ipsius</strong></span> <span class='ocrx_word' id='word_1_166' title='bbox 923 2069 1035 2126; x_wconf 92' lang='lat' dir='ltr'><strong>nullius</strong></span> <span class='ocrx_word' id='word_1_167' title='bbox 1060 2067 1180 2125; x_wconf 91' lang='lat' dir='ltr'><strong>erubuit</strong></span> <span class='ocrx_word' id='word_1_168' title='bbox 1206 2067 1509 2140; x_wconf 81' lang='grc'><strong>1551555555555515,</strong></span> <span class='ocrx_word' id='word_1_169' title='bbox 1534 2067 1565 2122; x_wconf 90' lang='grc'><strong>15</strong></span> <span class='ocrx_word' id='word_1_170' title='bbox 1592 2067 1724 2124; x_wconf 90' lang='lat' dir='ltr'><strong>Siciliam</strong></span> <span class='ocrx_word' id='word_1_171' title='bbox 1750 2067 1888 2124; x_wconf 88' lang='lat' dir='ltr'><strong>duximus</strong></span> <span class='ocrx_word' id='word_1_172' title='bbox 1915 2069 2148 2127; x_wconf 80' lang='lat' dir='ltr'><strong>destinandum·</strong></span> 
     </span>
     <span class='ocr_line' id='line_1_17' title="bbox 666 2134 2148 2260; baseline 0.001 -66"><span class='ocrx_word' id='word_1_173' title='bbox 666 2138 788 2219; x_wconf 79' lang='lat' dir='ltr'><strong>Mandat</strong></span> <span class='ocrx_word' id='word_1_174' title='bbox 805 2137 864 2208; x_wconf 88' lang='grc'><strong>515,</strong></span> <span class='ocrx_word' id='word_1_175' title='bbox 886 2141 920 2194; x_wconf 87' lang='grc'><strong>55</strong></span> <span class='ocrx_word' id='word_1_176' title='bbox 937 2137 1070 2206; x_wconf 81' lang='lat' dir='ltr'><strong>legatum</strong></span> <span class='ocrx_word' id='word_1_177' title='bbox 1088 2138 1194 2218; x_wconf 64' lang='lat' dir='ltr'><strong>deuote</strong></span> <span class='ocrx_word' id='word_1_178' title='bbox 1211 2135 1398 2216; x_wconf 43' lang='lat' dir='ltr'><strong>recipientes·</strong></span> <span class='ocrx_word' id='word_1_179' title='bbox 1410 2135 1453 2216; x_wconf 76' lang='lat' dir='ltr'><strong>»ei</strong></span> <span class='ocrx_word' id='word_1_180' title='bbox 1470 2151 1562 2217; x_wconf 66' lang='lat' dir='ltr'><strong>super</strong></span> <span class='ocrx_word' id='word_1_181' title='bbox 1578 2135 1691 2217; x_wconf 79' lang='lat' dir='ltr'><strong>nostris</strong></span> <span class='ocrx_word' id='word_1_182' title='bbox 1708 2137 1739 2192; x_wconf 88' lang='grc'><strong>55</strong></span> <span class='ocrx_word' id='word_1_183' title='bbox 1756 2134 1889 2216; x_wconf 77' lang='lat' dir='ltr'><strong>ejusdem</strong></span> <span class='ocrx_word' id='word_1_184' title='bbox 1906 2137 1988 2260; x_wconf 51' lang='grc'><strong>55515</strong></span> <span class='ocrx_word' id='word_1_185' title='bbox 2005 2140 2148 2208; x_wconf 81' lang='lat' dir='ltr'><strong>negotiis«</strong></span> 
     </span>
     <span class='ocr_line' id='line_1_18' title="bbox 665 2202 2143 2273; baseline 0.001 -10"><span class='ocrx_word' id='word_1_186' title='bbox 665 2209 819 2264; x_wconf 85' lang='lat' dir='ltr'><strong>assistant</strong></span> <span class='ocrx_word' id='word_1_187' title='bbox 857 2202 1941 2273; x_wconf 64' lang='grc' dir='ltr'><strong>»Ρ5555555555515555555555555555Μ55555151,(5555555115</strong></span> <span class='ocrx_word' id='word_1_188' title='bbox 1980 2206 2143 2264; x_wconf 82' lang='lat' dir='ltr'><strong>mentiatur</strong></span> 
     </span>
     <span class='ocr_line' id='line_1_19' title="bbox 664 2250 2152 2358; baseline 0.002 -28"><span class='ocrx_word' id='word_1_189' title='bbox 664 2290 791 2344; x_wconf 81' lang='lat' dir='ltr'><strong>regnum</strong></span> <span class='ocrx_word' id='word_1_190' title='bbox 811 2275 913 2329; x_wconf 89' lang='lat' dir='ltr'><strong>tamen</strong></span> <span class='ocrx_word' id='word_1_191' title='bbox 937 2289 997 2329; x_wconf 91' lang='lat' dir='ltr'><strong>nou</strong></span> <span class='ocrx_word' id='word_1_192' title='bbox 1017 2271 1082 2342; x_wconf 78' lang='lat' dir='ltr'><strong>regi</strong></span> <span class='ocrx_word' id='word_1_193' title='bbox 1105 2272 1240 2354; x_wconf 74' lang='grc'><strong>55551151</strong></span> <span class='ocrx_word' id='word_1_194' title='bbox 1262 2287 1302 2351; x_wconf 83' lang='grc'><strong>55</strong></span> <span class='ocrx_word' id='word_1_195' title='bbox 1358 2287 1411 2328; x_wconf 88' lang='lat' dir='ltr'><strong>are</strong></span> <span class='ocrx_word' id='word_1_196' title='bbox 1433 2271 1586 2358; x_wconf 77' lang='lat' dir='ltr'><strong>contendit</strong></span> <span class='ocrx_word' id='word_1_197' title='bbox 1605 2273 1636 2327; x_wconf 88' lang='lat' dir='ltr'><strong>et</strong></span> <span class='ocrx_word' id='word_1_198' title='bbox 1659 2269 1689 2326; x_wconf 94' lang='lat' dir='ltr'><strong>in</strong></span> <span class='ocrx_word' id='word_1_199' title='bbox 1707 2287 1761 2327; x_wconf 83' lang='lat' dir='ltr'><strong>vos</strong></span> <span class='ocrx_word' id='word_1_200' title='bbox 1779 2271 1903 2328; x_wconf 86' lang='grc'><strong>5551155</strong></span> <span class='ocrx_word' id='word_1_201' title='bbox 1920 2250 2152 2333; x_wconf 74' lang='lat' dir='ltr'><strong>&#39;teutonicorum&#39;</strong></span> 
     </span>
     <span class='ocr_line' id='line_1_20' title="bbox 665 2337 2151 2510; baseline -0.003 -43"><span class='ocrx_word' id='word_1_202' title='bbox 665 2342 974 2479; x_wconf 53' lang='grc'><strong>1951355555</strong></span> <span class='ocrx_word' id='word_1_203' title='bbox 983 2337 1903 2510; x_wconf 52' lang='grc' dir='ltr'><strong>111151“151151159ξ5“5ἕὲ51511551511111</strong></span> <span class='ocrx_word' id='word_1_204' title='bbox 1915 2340 1968 2412; x_wconf 68' lang='lat' dir='ltr'><strong>ap.</strong></span> <span class='ocrx_word' id='word_1_205' title='bbox 1981 2342 2026 2398; x_wconf 70' lang='lat'><strong>⁰¹¹·</strong></span> <span class='ocrx_word' id='word_1_206' title='bbox 2038 2342 2151 2401; x_wconf 52' lang='lat' dir='ltr'><strong>&#39;mm</strong></span> 
     </span>
    </p>
   </div>
   <div class='ocr_carea' id='block_1_9' title="bbox 765 2507 2150 2646">
    <p class='ocr_par' dir='ltr' id='par_1_9' title="bbox 765 2507 2150 2646">
     <span class='ocr_line' id='line_1_21' title="bbox 765 2507 2150 2580; baseline 0.003 -18"><span class='ocrx_word' id='word_1_207' title='bbox 765 2510 782 2543; x_wconf 76' lang='lat'>⁸</span> <span class='ocrx_word' id='word_1_208' title='bbox 799 2509 842 2562; x_wconf 81' lang='lat' dir='ltr'><strong>De</strong></span> <span class='ocrx_word' id='word_1_209' title='bbox 858 2511 944 2562; x_wconf 69' lang='lat' dir='ltr'><strong>eodan</strong></span> <span class='ocrx_word' id='word_1_210' title='bbox 962 2514 1113 2580; x_wconf 73' lang='lat' dir='ltr'><strong>aryiimeato</strong></span> <span class='ocrx_word' id='word_1_211' title='bbox 1130 2508 1355 2579; x_wconf 76' lang='lat' dir='ltr'><strong>Archiepiscopia</strong></span> <span class='ocrx_word' id='word_1_212' title='bbox 1373 2508 1506 2579; x_wconf 82' lang='lat' dir='ltr'><strong>episcopis</strong></span> <span class='ocrx_word' id='word_1_213' title='bbox 1524 2516 1551 2562; x_wconf 84' lang='grc'><strong>55</strong></span> <span class='ocrx_word' id='word_1_214' title='bbox 1567 2507 1697 2561; x_wconf 83' lang='lat' dir='ltr'><strong>universis</strong></span> <span class='ocrx_word' id='word_1_215' title='bbox 1715 2507 1884 2561; x_wconf 85' lang='lat' dir='ltr'><strong>ecclesiarum</strong></span> <span class='ocrx_word' id='word_1_216' title='bbox 1901 2507 2024 2580; x_wconf 75' lang='lat' dir='ltr'><strong>praelatis</strong></span> <span class='ocrx_word' id='word_1_217' title='bbox 2042 2511 2150 2566; x_wconf 79' lang='grc'><strong>158151-</strong></span> 
     </span>
     <span class='ocr_line' id='line_1_22' title="bbox 850 2575 1753 2646; baseline -0.004 -15"><span class='ocrx_word' id='word_1_218' title='bbox 850 2579 885 2631; x_wconf 88' lang='lat' dir='ltr'><strong>lia</strong></span> <span class='ocrx_word' id='word_1_219' title='bbox 901 2579 1060 2632; x_wconf 80' lang='lat' dir='ltr'><strong>constitutis.</strong></span> <span class='ocrx_word' id='word_1_220' title='bbox 1096 2577 1181 2646; x_wconf 76' lang='lat' dir='ltr'><strong>Epist.</strong></span> <span class='ocrx_word' id='word_1_221' title='bbox 1199 2592 1231 2628; x_wconf 67' lang='grc'><strong>55</strong></span> <span class='ocrx_word' id='word_1_222' title='bbox 1244 2577 1308 2630; x_wconf 82' lang='lat'><em>561.-</em></span> <span class='ocrx_word' id='word_1_223' title='bbox 1329 2575 1456 2628; x_wconf 83' lang='lat' dir='ltr'><strong>·Praeter</strong></span> <span class='ocrx_word' id='word_1_224' title='bbox 1472 2575 1594 2645; x_wconf 77' lang='lat' dir='ltr'><strong>gencrale</strong></span> <span class='ocrx_word' id='word_1_225' title='bbox 1613 2575 1753 2628; x_wconf 79' lang='lat' dir='ltr'><strong>debitum.-</strong></span> 
     </span>
    </p>
   </div>
   <div class='ocr_carea' id='block_1_10' title="bbox 631 2688 2150 2966">
    <p class='ocr_par' dir='ltr' id='par_1_10' title="bbox 631 2688 2149 2773">
     <span class='ocr_line' id='line_1_23' title="bbox 631 2688 2149 2773; baseline 0.003 -26"><span class='ocrx_word' id='word_1_226' title='bbox 631 2689 693 2773; x_wconf 79' lang='grc'><strong>(614</strong></span> <span class='ocrx_word' id='word_1_227' title='bbox 721 2691 858 2763; x_wconf 83' lang='grc'><strong>(1155155)</strong></span> <span class='ocrx_word' id='word_1_228' title='bbox 875 2690 1099 2762; x_wconf 84' lang='lat' dir='ltr'><strong>archiepiscopo</strong></span> <span class='ocrx_word' id='word_1_229' title='bbox 1117 2694 1149 2747; x_wconf 90' lang='lat' dir='ltr'><strong>et</strong></span> <span class='ocrx_word' id='word_1_230' title='bbox 1165 2690 1296 2762; x_wconf 89' lang='lat' dir='ltr'><strong>capitulo</strong></span> <span class='ocrx_word' id='word_1_231' title='bbox 1314 2690 1432 2747; x_wconf 89' lang='lat' dir='ltr'><strong>Pisanis</strong></span> <span class='ocrx_word' id='word_1_232' title='bbox 1450 2689 1572 2771; x_wconf 80' lang='lat' dir='ltr'><strong>mandat</strong></span> <span class='ocrx_word' id='word_1_233' title='bbox 1609 2688 1752 2770; x_wconf 80' lang='lat' dir='ltr'><strong>inducant</strong></span> <span class='ocrx_word' id='word_1_234' title='bbox 1773 2690 1854 2746; x_wconf 85' lang='lat' dir='ltr'><strong>cives</strong></span> <span class='ocrx_word' id='word_1_235' title='bbox 1877 2706 1964 2761; x_wconf 90' lang='lat' dir='ltr'><strong>suos,</strong></span> <span class='ocrx_word' id='word_1_236' title='bbox 1987 2693 2022 2748; x_wconf 91' lang='lat' dir='ltr'><strong>nt</strong></span> <span class='ocrx_word' id='word_1_237' title='bbox 2044 2709 2149 2764; x_wconf 91' lang='lat' dir='ltr'><strong>pacem</strong></span> 
     </span>
    </p>

    <p class='ocr_par' dir='ltr' id='par_1_11' title="bbox 663 2731 2150 2966">
     <span class='ocr_line' id='line_1_24' title="bbox 663 2731 2150 2840; baseline 0.003 -26"><span class='ocrx_word' id='word_1_238' title='bbox 663 2759 686 2814; x_wconf 94' lang='lat' dir='ltr'><strong>il</strong></span> <span class='ocrx_word' id='word_1_239' title='bbox 717 2776 748 2840; x_wconf 79' lang='lat' dir='ltr'><strong>iu</strong></span> <span class='ocrx_word' id='word_1_240' title='bbox 770 2764 801 2817; x_wconf 89' lang='grc'><strong>55</strong></span> <span class='ocrx_word' id='word_1_241' title='bbox 824 2759 1026 2832; x_wconf 88' lang='lat' dir='ltr'><strong>concordiam,</strong></span> <span class='ocrx_word' id='word_1_242' title='bbox 1047 2773 1136 2832; x_wconf 90' lang='lat' dir='ltr'><strong>quam</strong></span> <span class='ocrx_word' id='word_1_243' title='bbox 1159 2759 1224 2816; x_wconf 84' lang='lat' dir='ltr'><strong>fere</strong></span> <span class='ocrx_word' id='word_1_244' title='bbox 1240 2757 1374 2815; x_wconf 88' lang='lat' dir='ltr'><strong>universi</strong></span> <span class='ocrx_word' id='word_1_245' title='bbox 1392 2759 1422 2814; x_wconf 89' lang='grc'><strong>55</strong></span> <span class='ocrx_word' id='word_1_246' title='bbox 1440 2757 1551 2827; x_wconf 78' lang='lat' dir='ltr'><strong>singuli</strong></span> <span class='ocrx_word' id='word_1_247' title='bbox 1572 2731 1609 2813; x_wconf 78' lang='lat' dir='ltr'><strong>de</strong></span> <span class='ocrx_word' id='word_1_248' title='bbox 1626 2755 1757 2814; x_wconf 87' lang='lat' dir='ltr'><strong>Thuscia</strong></span> <span class='ocrx_word' id='word_1_249' title='bbox 1776 2773 1846 2814; x_wconf 84' lang='lat' dir='ltr'><strong>rece</strong></span> <span class='ocrx_word' id='word_1_250' title='bbox 1868 2763 1974 2828; x_wconf 89' lang='lat' dir='ltr'><strong>erunt,</strong></span> <span class='ocrx_word' id='word_1_251' title='bbox 1999 2760 2150 2820; x_wconf 87' lang='lat' dir='ltr'><strong>humiliter</strong></span> 
     </span>
     <span class='ocr_line' id='line_1_25' title="bbox 664 2773 2149 2908; baseline 0.004 -26"><span class='ocrx_word' id='word_1_252' title='bbox 664 2842 725 2883; x_wconf 84' lang='lat' dir='ltr'><strong>reci</strong></span> <span class='ocrx_word' id='word_1_253' title='bbox 748 2827 811 2908; x_wconf 79' lang='grc'><strong>1555</strong></span> <span class='ocrx_word' id='word_1_254' title='bbox 827 2830 859 2884; x_wconf 89' lang='grc'><strong>55</strong></span> <span class='ocrx_word' id='word_1_255' title='bbox 876 2828 1043 2885; x_wconf 84' lang='lat' dir='ltr'><strong>observent</strong></span> <span class='ocrx_word' id='word_1_256' title='bbox 1080 2829 1142 2882; x_wconf 75' lang='lat' dir='ltr'><strong>Sine</strong></span> <span class='ocrx_word' id='word_1_257' title='bbox 1160 2829 1209 2891; x_wconf 76' lang='lat' dir='ltr'><strong>dte,</strong></span> <span class='ocrx_word' id='word_1_258' title='bbox 1227 2845 1313 2880; x_wconf 81' lang='lat' dir='ltr'><strong>menae</strong></span> <span class='ocrx_word' id='word_1_259' title='bbox 1329 2832 1355 2906; x_wconf 68' lang='lat' dir='ltr'><strong>et</strong></span> <span class='ocrx_word' id='word_1_260' title='bbox 1371 2829 1433 2880; x_wconf 81' lang='lat' dir='ltr'><strong>loco.</strong></span> <span class='ocrx_word' id='word_1_261' title='bbox 1451 2829 1459 2892; x_wconf 82' lang='grc'><strong>’1</strong></span> <span class='ocrx_word' id='word_1_262' title='bbox 1477 2827 1576 2883; x_wconf 86' lang='grc'><strong>15555.</strong></span> <span class='ocrx_word' id='word_1_263' title='bbox 1587 2823 1642 2898; x_wconf 85' lang='lat' dir='ltr'><strong>Ep.</strong></span> <span class='ocrx_word' id='word_1_264' title='bbox 1659 2773 1979 2883; x_wconf 63' lang='grc' dir='ltr'><strong>55.11515551Ρ“515.5ο</strong></span> <span class='ocrx_word' id='word_1_265' title='bbox 1991 2829 2056 2900; x_wconf 84' lang='grc'><strong>555;</strong></span> <span class='ocrx_word' id='word_1_266' title='bbox 2075 2829 2149 2902; x_wconf 90' lang='grc'><strong>055.</strong></span> 
     </span>
     <span class='ocr_line' id='line_1_26' title="bbox 665 2876 1520 2966; baseline -0.002 -14"><span class='ocrx_word' id='word_1_267' title='bbox 665 2896 710 2952; x_wconf 93' lang='grc'><strong>55.</strong></span> <span class='ocrx_word' id='word_1_268' title='bbox 764 2911 822 2964; x_wconf 79' lang='lat' dir='ltr'><strong>gne</strong></span> <span class='ocrx_word' id='word_1_269' title='bbox 834 2896 855 2951; x_wconf 92' lang='grc' dir='ltr'><strong>Ι.</strong></span> <span class='ocrx_word' id='word_1_270' title='bbox 866 2895 925 2952; x_wconf 88' lang='grc'><strong>507.</strong></span> <span class='ocrx_word' id='word_1_271' title='bbox 938 2913 972 2952; x_wconf 88' lang='lat' dir='ltr'><strong>n⁰</strong></span> <span class='ocrx_word' id='word_1_272' title='bbox 984 2897 1045 2954; x_wconf 87' lang='grc'><strong>555.</strong></span> <span class='ocrx_word' id='word_1_273' title='bbox 1062 2925 1095 2935; x_wconf 97' lang='grc'>-</span> <span class='ocrx_word' id='word_1_274' title='bbox 1116 2893 1206 2952; x_wconf 81' lang='lat' dir='ltr'><strong>»Cam</strong></span> <span class='ocrx_word' id='word_1_275' title='bbox 1223 2896 1390 2966; x_wconf 90' lang='lat' dir='ltr'><strong>apostolica</strong></span> <span class='ocrx_word' id='word_1_276' title='bbox 1407 2876 1520 2952; x_wconf 79' lang='lat' dir='ltr'><strong>sedes·</strong></span> 
     </span>
    </p>
   </div>
   <div class='ocr_carea' id='block_1_11' title="bbox 764 2995 1592 3069">
    <p class='ocr_par' dir='ltr' id='par_1_12' title="bbox 764 2995 1592 3069">
     <span class='ocr_line' id='line_1_27' title="bbox 764 2995 1592 3069; baseline -0.002 -20"><span class='ocrx_word' id='word_1_277' title='bbox 764 2995 782 3029; x_wconf 72' lang='lat'><strong>⁹</strong></span> <span class='ocrx_word' id='word_1_278' title='bbox 799 2995 832 3049; x_wconf 87' lang='lat' dir='ltr'><strong>Ia</strong></span> <span class='ocrx_word' id='word_1_279' title='bbox 849 2997 957 3050; x_wconf 69' lang='lat' dir='ltr'><strong>eandm</strong></span> <span class='ocrx_word' id='word_1_280' title='bbox 965 2997 1028 3068; x_wconf 83' lang='lat' dir='ltr'><strong>sere</strong></span> <span class='ocrx_word' id='word_1_281' title='bbox 1045 2996 1150 3049; x_wconf 82' lang='lat' dir='ltr'><strong>modam</strong></span> <span class='ocrx_word' id='word_1_282' title='bbox 1166 2996 1299 3050; x_wconf 81' lang='lat' dir='ltr'><strong>Poteelati</strong></span> <span class='ocrx_word' id='word_1_283' title='bbox 1316 3005 1344 3050; x_wconf 85' lang='grc'><strong>55</strong></span> <span class='ocrx_word' id='word_1_284' title='bbox 1360 2996 1461 3069; x_wconf 84' lang='grc'><strong>555515</strong></span> <span class='ocrx_word' id='word_1_285' title='bbox 1478 2995 1592 3049; x_wconf 81' lang='lat' dir='ltr'><strong>Pisanis.</strong></span> 
     </span>
    </p>
   </div>
   <div class='ocr_carea' id='block_1_12' title="bbox 631 3106 2148 3660">
    <p class='ocr_par' dir='ltr' id='par_1_13' title="bbox 631 3106 2148 3660">
     <span class='ocr_line' id='line_1_28' title="bbox 631 3106 2148 3190; baseline 0.001 -22"><span class='ocrx_word' id='word_1_286' title='bbox 631 3111 703 3183; x_wconf 87' lang='grc'><strong>(615)</strong></span> <span class='ocrx_word' id='word_1_287' title='bbox 721 3111 851 3181; x_wconf 74' lang='lat' dir='ltr'><strong>(ilerum,</strong></span> <span class='ocrx_word' id='word_1_288' title='bbox 868 3112 1007 3180; x_wconf 87' lang='lat' dir='ltr'><strong>barones,</strong></span> <span class='ocrx_word' id='word_1_289' title='bbox 1023 3109 1136 3168; x_wconf 87' lang='lat' dir='ltr'><strong>iudices</strong></span> <span class='ocrx_word' id='word_1_290' title='bbox 1162 3106 1273 3168; x_wconf 90' lang='lat' dir='ltr'><strong>milites</strong></span> <span class='ocrx_word' id='word_1_291' title='bbox 1290 3111 1321 3167; x_wconf 90' lang='grc'><strong>55</strong></span> <span class='ocrx_word' id='word_1_292' title='bbox 1337 3109 1511 3168; x_wconf 86' lang='lat' dir='ltr'><strong>universum</strong></span> <span class='ocrx_word' id='word_1_293' title='bbox 1528 3109 1672 3190; x_wconf 88' lang='lat' dir='ltr'><strong>populum</strong></span> <span class='ocrx_word' id='word_1_294' title='bbox 1685 3106 1860 3180; x_wconf 79' lang='lat' dir='ltr'><strong>Capuanum</strong></span> <span class='ocrx_word' id='word_1_295' title='bbox 1878 3111 1979 3165; x_wconf 85' lang='lat' dir='ltr'><strong>monet</strong></span> <span class='ocrx_word' id='word_1_296' title='bbox 1990 3113 2032 3167; x_wconf 87' lang='lat' dir='ltr'><strong>-et</strong></span> <span class='ocrx_word' id='word_1_297' title='bbox 2044 3114 2148 3170; x_wconf 84' lang='lat' dir='ltr'><strong>exhor-</strong></span> 
     </span>
     <span class='ocr_line' id='line_1_29' title="bbox 664 3151 2147 3260; baseline 0.003 -25"><span class='ocrx_word' id='word_1_298' title='bbox 664 3183 756 3260; x_wconf 76' lang='lat' dir='ltr'><strong>tatur,</strong></span> <span class='ocrx_word' id='word_1_299' title='bbox 772 3182 807 3236; x_wconf 86' lang='lat' dir='ltr'><strong>ut</strong></span> <span class='ocrx_word' id='word_1_300' title='bbox 823 3180 852 3235; x_wconf 93' lang='lat' dir='ltr'><strong>in</strong></span> <span class='ocrx_word' id='word_1_301' title='bbox 868 3177 1015 3260; x_wconf 74' lang='grc'><strong>1155115555</strong></span> <span class='ocrx_word' id='word_1_302' title='bbox 1027 3151 1171 3259; x_wconf 63' lang='grc'><strong>1151555151</strong></span> <span class='ocrx_word' id='word_1_303' title='bbox 1184 3179 1303 3260; x_wconf 65' lang='grc'><strong>51511155</strong></span> <span class='ocrx_word' id='word_1_304' title='bbox 1326 3179 1407 3259; x_wconf 78' lang='lat' dir='ltr'><strong>regis</strong></span> <span class='ocrx_word' id='word_1_305' title='bbox 1425 3181 1456 3234; x_wconf 91' lang='grc'><strong>55</strong></span> <span class='ocrx_word' id='word_1_306' title='bbox 1476 3179 1632 3234; x_wconf 87' lang='lat' dir='ltr'><strong>devotione</strong></span> <span class='ocrx_word' id='word_1_307' title='bbox 1650 3176 1731 3257; x_wconf 77' lang='lat' dir='ltr'><strong>sedis</strong></span> <span class='ocrx_word' id='word_1_308' title='bbox 1749 3175 1932 3256; x_wconf 76' lang='lat' dir='ltr'><strong>apostolicae</strong></span> <span class='ocrx_word' id='word_1_309' title='bbox 1950 3179 2147 3247; x_wconf 88' lang='lat' dir='ltr'><strong>persistentes</strong></span> 
     </span>
     <span class='ocr_line' id='line_1_30' title="bbox 663 3244 2148 3328; baseline 0.001 -24"><span class='ocrx_word' id='word_1_310' title='bbox 663 3247 784 3304; x_wconf 85' lang='lat' dir='ltr'><strong>sortiter</strong></span> <span class='ocrx_word' id='word_1_311' title='bbox 800 3250 831 3306; x_wconf 89' lang='grc'><strong>55</strong></span> <span class='ocrx_word' id='word_1_312' title='bbox 846 3249 973 3328; x_wconf 73' lang='lat' dir='ltr'><strong>viriliter</strong></span> <span class='ocrx_word' id='word_1_313' title='bbox 989 3251 1135 3303; x_wconf 87' lang='lat' dir='ltr'><strong>resistant</strong></span> <span class='ocrx_word' id='word_1_314' title='bbox 1151 3262 1277 3328; x_wconf 73' lang='lat' dir='ltr'><strong>inimicis</strong></span> <span class='ocrx_word' id='word_1_315' title='bbox 1295 3247 1450 3327; x_wconf 73' lang='lat' dir='ltr'><strong>ecciesiae,</strong></span> <span class='ocrx_word' id='word_1_316' title='bbox 1473 3244 1718 3315; x_wconf 79' lang='lat' dir='ltr'><strong>persecutoribus</strong></span> <span class='ocrx_word' id='word_1_317' title='bbox 1736 3259 1830 3323; x_wconf 72' lang='lat' dir='ltr'><strong>regni,</strong></span> <span class='ocrx_word' id='word_1_318' title='bbox 1855 3259 1921 3312; x_wconf 80' lang='lat' dir='ltr'><strong>»qui</strong></span> <span class='ocrx_word' id='word_1_319' title='bbox 1937 3259 1991 3301; x_wconf 88' lang='lat' dir='ltr'><strong>vos</strong></span> <span class='ocrx_word' id='word_1_320' title='bbox 2010 3248 2148 3328; x_wconf 76' lang='lat' dir='ltr'><strong>servituti</strong></span> 
     </span>
     <span class='ocr_line' id='line_1_31' title="bbox 664 3314 2148 3462; baseline -0.009 -24"><span class='ocrx_word' id='word_1_321' title='bbox 664 3314 2148 3462; x_wconf 58' lang='grc'><strong>5555515555555555555555151555515555</strong></span> 
     </span>
     <span class='ocr_line' id='line_1_32' title="bbox 665 3446 2148 3530; baseline 0.001 -23"><span class='ocrx_word' id='word_1_322' title='bbox 665 3467 734 3507; x_wconf 90' lang='lat' dir='ltr'><strong>nem</strong></span> <span class='ocrx_word' id='word_1_323' title='bbox 751 3451 983 3530; x_wconf 75' lang='lat' dir='ltr'><strong>concederemus</strong></span> <span class='ocrx_word' id='word_1_324' title='bbox 1000 3450 1153 3529; x_wconf 73' lang='lat' dir='ltr'><strong>omnihus,</strong></span> <span class='ocrx_word' id='word_1_325' title='bbox 1174 3464 1225 3520; x_wconf 88' lang='lat' dir='ltr'><strong>qui</strong></span> <span class='ocrx_word' id='word_1_326' title='bbox 1241 3448 1426 3504; x_wconf 89' lang='lat' dir='ltr'><strong>Marcoualdi</strong></span> <span class='ocrx_word' id='word_1_327' title='bbox 1443 3464 1460 3504; x_wconf 91' lang='lat' dir='ltr'><strong>e</strong></span> <span class='ocrx_word' id='word_1_328' title='bbox 1490 3463 1613 3528; x_wconf 79' lang='lat' dir='ltr'><strong>suorum</strong></span> <span class='ocrx_word' id='word_1_329' title='bbox 1630 3446 2035 3527; x_wconf 71' lang='lat' dir='ltr'><strong>violentiamcxpuguarent,</strong></span> <span class='ocrx_word' id='word_1_330' title='bbox 2058 3465 2148 3520; x_wconf 86' lang='lat' dir='ltr'><strong>quani</strong></span> 
     </span>
     <span class='ocr_line' id='line_1_33' title="bbox 665 3513 2148 3600; baseline 0.001 -26"><span class='ocrx_word' id='word_1_331' title='bbox 665 3518 858 3600; x_wconf 71' lang='lat' dir='ltr'><strong>concedimus</strong></span> <span class='ocrx_word' id='word_1_332' title='bbox 874 3517 1010 3574; x_wconf 88' lang='lat' dir='ltr'><strong>omnibus</strong></span> <span class='ocrx_word' id='word_1_333' title='bbox 1028 3531 1080 3587; x_wconf 88' lang='lat' dir='ltr'><strong>qm</strong></span> <span class='ocrx_word' id='word_1_334' title='bbox 1096 3519 1202 3573; x_wconf 88' lang='lat' dir='ltr'><strong>contra</strong></span> <span class='ocrx_word' id='word_1_335' title='bbox 1219 3516 1454 3572; x_wconf 86' lang='lat' dir='ltr'><strong>Sarracenorum</strong></span> <span class='ocrx_word' id='word_1_336' title='bbox 1472 3514 1627 3586; x_wconf 88' lang='lat' dir='ltr'><strong>perfidiam</strong></span> <span class='ocrx_word' id='word_1_337' title='bbox 1644 3514 1683 3570; x_wconf 95' lang='lat' dir='ltr'><strong>ad</strong></span> <span class='ocrx_word' id='word_1_338' title='bbox 1700 3513 1902 3570; x_wconf 82' lang='lat' dir='ltr'><strong>detonsionem</strong></span> <span class='ocrx_word' id='word_1_339' title='bbox 1915 3516 2068 3574; x_wconf 84' lang='lat' dir='ltr'><strong>orientalis</strong></span> <span class='ocrx_word' id='word_1_340' title='bbox 2101 3536 2148 3576; x_wconf 91' lang='lat' dir='ltr'><strong>rc·</strong></span> 
     </span>
     <span class='ocr_line' id='line_1_34' title="bbox 664 3535 2148 3660; baseline 0.001 -18"><span class='ocrx_word' id='word_1_341' title='bbox 664 3601 778 3642; x_wconf 86' lang='lat' dir='ltr'><strong>vinciae</strong></span> <span class='ocrx_word' id='word_1_342' title='bbox 796 3587 1015 3654; x_wconf 67' lang='lat' dir='ltr'><strong>maguntin.-</strong></span> <span class='ocrx_word' id='word_1_343' title='bbox 1054 3585 1118 3638; x_wconf 77' lang='lat' dir='ltr'><strong>Sim</strong></span> <span class='ocrx_word' id='word_1_344' title='bbox 1135 3585 1184 3648; x_wconf 77' lang='lat' dir='ltr'><strong>die,</strong></span> <span class='ocrx_word' id='word_1_345' title='bbox 1202 3603 1286 3639; x_wconf 78' lang='lat' dir='ltr'><strong>mense</strong></span> <span class='ocrx_word' id='word_1_346' title='bbox 1303 3586 1404 3638; x_wconf 79' lang='lat' dir='ltr'><strong>etheo.</strong></span> <span class='ocrx_word' id='word_1_347' title='bbox 1424 3585 1432 3652; x_wconf 92' lang='grc'><strong>))</strong></span> <span class='ocrx_word' id='word_1_348' title='bbox 1449 3583 1547 3640; x_wconf 91' lang='grc'><strong>15555.</strong></span> <span class='ocrx_word' id='word_1_349' title='bbox 1563 3582 1617 3655; x_wconf 89' lang='lat' dir='ltr'><strong>Ep.</strong></span> <span class='ocrx_word' id='word_1_350' title='bbox 1635 3582 1681 3640; x_wconf 92' lang='grc'><strong>55.</strong></span> <span class='ocrx_word' id='word_1_351' title='bbox 1698 3581 1810 3638; x_wconf 79' lang='lat' dir='ltr'><strong>Beluae</strong></span> <span class='ocrx_word' id='word_1_352' title='bbox 1828 3582 1849 3637; x_wconf 91' lang='grc' dir='ltr'><strong>Ι.</strong></span> <span class='ocrx_word' id='word_1_353' title='bbox 1860 3581 1920 3639; x_wconf 87' lang='grc'><strong>319.</strong></span> <span class='ocrx_word' id='word_1_354' title='bbox 1938 3598 1972 3638; x_wconf 75' lang='lat' dir='ltr'><strong>n⁰</strong></span> <span class='ocrx_word' id='word_1_355' title='bbox 1984 3585 2051 3656; x_wconf 75' lang='lat'>5583</span> <span class='ocrx_word' id='word_1_356' title='bbox 2074 3535 2148 3660; x_wconf 63' lang='grc'><strong>855.</strong></span> 
     </span>
    </p>
   </div>
   <div class='ocr_carea' id='block_1_13' title="bbox 664 3651 1476 3724">
    <p class='ocr_par' dir='ltr' id='par_1_14' title="bbox 664 3651 1476 3724">
     <span class='ocr_line' id='line_1_35' title="bbox 664 3651 1476 3724; baseline -0.005 -12"><span class='ocrx_word' id='word_1_357' title='bbox 664 3655 709 3712; x_wconf 92' lang='grc'><strong>55.</strong></span> <span class='ocrx_word' id='word_1_358' title='bbox 727 3654 827 3724; x_wconf 74' lang='lat' dir='ltr'><strong>Migne</strong></span> <span class='ocrx_word' id='word_1_359' title='bbox 844 3652 864 3708; x_wconf 94' lang='grc' dir='ltr'><strong>Ι.</strong></span> <span class='ocrx_word' id='word_1_360' title='bbox 876 3654 935 3712; x_wconf 75' lang='grc'><strong>515</strong></span> <span class='ocrx_word' id='word_1_361' title='bbox 953 3669 986 3708; x_wconf 88' lang='lat' dir='ltr'><strong>n⁰</strong></span> <span class='ocrx_word' id='word_1_362' title='bbox 998 3651 1058 3710; x_wconf 87' lang='grc'><strong>558.</strong></span> <span class='ocrx_word' id='word_1_363' title='bbox 1075 3683 1110 3692; x_wconf 82' lang='grc'><strong>-</strong></span> <span class='ocrx_word' id='word_1_364' title='bbox 1129 3651 1227 3710; x_wconf 75' lang='lat' dir='ltr'><strong>-bicet</strong></span> <span class='ocrx_word' id='word_1_365' title='bbox 1243 3651 1324 3709; x_wconf 87' lang='lat' dir='ltr'><strong>circa</strong></span> <span class='ocrx_word' id='word_1_366' title='bbox 1340 3653 1476 3708; x_wconf 80' lang='lat' dir='ltr'><strong>statum.-</strong></span> 
     </span>
    </p>
   </div>
   <div class='ocr_carea' id='block_1_14' title="bbox 630 3748 2150 4306">
    <p class='ocr_par' dir='ltr' id='par_1_15' title="bbox 630 3748 2150 4306">
     <span class='ocr_line' id='line_1_36' title="bbox 630 3748 2148 3832; baseline -0.001 -21"><span class='ocrx_word' id='word_1_367' title='bbox 630 3753 702 3826; x_wconf 88' lang='grc'><strong>(616)</strong></span> <span class='ocrx_word' id='word_1_368' title='bbox 719 3751 967 3832; x_wconf 79' lang='grc'><strong>15551551555515,</strong></span> <span class='ocrx_word' id='word_1_369' title='bbox 992 3751 1149 3832; x_wconf 86' lang='lat' dir='ltr'><strong>episcopis,</strong></span> <span class='ocrx_word' id='word_1_370' title='bbox 1175 3751 1345 3822; x_wconf 88' lang='lat' dir='ltr'><strong>abbatibus,</strong></span> <span class='ocrx_word' id='word_1_371' title='bbox 1369 3749 1521 3822; x_wconf 88' lang='lat' dir='ltr'><strong>prioribus</strong></span> <span class='ocrx_word' id='word_1_372' title='bbox 1545 3751 1576 3804; x_wconf 92' lang='grc'><strong>55</strong></span> <span class='ocrx_word' id='word_1_373' title='bbox 1592 3748 1733 3804; x_wconf 88' lang='lat' dir='ltr'><strong>universo</strong></span> <span class='ocrx_word' id='word_1_374' title='bbox 1751 3748 1831 3804; x_wconf 90' lang='lat' dir='ltr'><strong>clero</strong></span> <span class='ocrx_word' id='word_1_375' title='bbox 1855 3763 1910 3817; x_wconf 88' lang='lat' dir='ltr'><strong>per</strong></span> <span class='ocrx_word' id='word_1_376' title='bbox 1928 3749 2098 3810; x_wconf 84' lang='lat' dir='ltr'><strong>Calabriam</strong></span> <span class='ocrx_word' id='word_1_377' title='bbox 2117 3756 2148 3810; x_wconf 90' lang='lat' dir='ltr'><strong>et</strong></span> 
     </span>
     <span class='ocr_line' id='line_1_37' title="bbox 663 3815 2149 3894; baseline 0 -16"><span class='ocrx_word' id='word_1_378' title='bbox 663 3820 803 3894; x_wconf 79' lang='lat' dir='ltr'><strong>Apuliam</strong></span> <span class='ocrx_word' id='word_1_379' title='bbox 821 3819 991 3877; x_wconf 86' lang='lat' dir='ltr'><strong>constitutis</strong></span> <span class='ocrx_word' id='word_1_380' title='bbox 1008 3818 1163 3892; x_wconf 86' lang='lat' dir='ltr'><strong>praecipit,</strong></span> <span class='ocrx_word' id='word_1_381' title='bbox 1184 3820 1266 3876; x_wconf 87' lang='grc'><strong>5515</strong></span> <span class='ocrx_word' id='word_1_382' title='bbox 1284 3819 1429 3876; x_wconf 87' lang='lat' dir='ltr'><strong>fidelitate</strong></span> <span class='ocrx_word' id='word_1_383' title='bbox 1451 3818 1532 3887; x_wconf 78' lang='lat' dir='ltr'><strong>regis</strong></span> <span class='ocrx_word' id='word_1_384' title='bbox 1549 3815 1692 3873; x_wconf 81' lang='lat' dir='ltr'><strong>Fu‘derioi</strong></span> <span class='ocrx_word' id='word_1_385' title='bbox 1710 3819 1740 3872; x_wconf 89' lang='lat' dir='ltr'><strong>et</strong></span> <span class='ocrx_word' id='word_1_386' title='bbox 1757 3815 1912 3872; x_wconf 86' lang='lat' dir='ltr'><strong>devotione</strong></span> <span class='ocrx_word' id='word_1_387' title='bbox 1930 3818 2011 3874; x_wconf 90' lang='grc'><strong>55515</strong></span> <span class='ocrx_word' id='word_1_388' title='bbox 2029 3823 2149 3891; x_wconf 92' lang='lat' dir='ltr'><strong>aposto·</strong></span> 
     </span>
     <span class='ocr_line' id='line_1_38' title="bbox 664 3883 2148 3960; baseline 0 -14"><span class='ocrx_word' id='word_1_389' title='bbox 664 3889 739 3946; x_wconf 90' lang='grc'><strong>11555</strong></span> <span class='ocrx_word' id='word_1_390' title='bbox 756 3887 931 3960; x_wconf 84' lang='lat' dir='ltr'><strong>persistant,</strong></span> <span class='ocrx_word' id='word_1_391' title='bbox 952 3886 1079 3944; x_wconf 91' lang='lat' dir='ltr'><strong>inimicis</strong></span> <span class='ocrx_word' id='word_1_392' title='bbox 1101 3887 1187 3956; x_wconf 79' lang='lat' dir='ltr'><strong>regni</strong></span> <span class='ocrx_word' id='word_1_393' title='bbox 1205 3890 1236 3944; x_wconf 91' lang='grc'><strong>55</strong></span> <span class='ocrx_word' id='word_1_394' title='bbox 1252 3887 1397 3944; x_wconf 88' lang='lat' dir='ltr'><strong>ecclesiae</strong></span> <span class='ocrx_word' id='word_1_395' title='bbox 1414 3885 1497 3944; x_wconf 86' lang='lat' dir='ltr'><strong>iuxta</strong></span> <span class='ocrx_word' id='word_1_396' title='bbox 1516 3884 1648 3942; x_wconf 86' lang='lat' dir='ltr'><strong>debiturn</strong></span> <span class='ocrx_word' id='word_1_397' title='bbox 1687 3883 1845 3940; x_wconf 86' lang='grc'><strong>5551555115</strong></span> <span class='ocrx_word' id='word_1_398' title='bbox 1864 3883 1953 3940; x_wconf 86' lang='lat' dir='ltr'><strong>officii</strong></span> <span class='ocrx_word' id='word_1_399' title='bbox 1969 3887 2148 3946; x_wconf 84' lang='lat' dir='ltr'><strong>resistentes</strong></span> 
     </span>
     <span class='ocr_line' id='line_1_39' title="bbox 664 3951 2148 4027; baseline 0 -13"><span class='ocrx_word' id='word_1_400' title='bbox 664 3961 695 4014; x_wconf 90' lang='lat' dir='ltr'><strong>et</strong></span> <span class='ocrx_word' id='word_1_401' title='bbox 711 3957 749 4014; x_wconf 93' lang='grc'><strong>55</strong></span> <span class='ocrx_word' id='word_1_402' title='bbox 767 3956 968 4014; x_wconf 87' lang='lat' dir='ltr'><strong>resistendum</strong></span> <span class='ocrx_word' id='word_1_403' title='bbox 978 3955 1104 4012; x_wconf 84' lang='lat' dir='ltr'><strong>viriliter</strong></span> <span class='ocrx_word' id='word_1_404' title='bbox 1119 3955 1295 4012; x_wconf 86' lang='lat' dir='ltr'><strong>inducentes</strong></span> <span class='ocrx_word' id='word_1_405' title='bbox 1312 3955 1405 4012; x_wconf 90' lang='lat' dir='ltr'><strong>laicos</strong></span> <span class='ocrx_word' id='word_1_406' title='bbox 1423 3955 1557 4025; x_wconf 86' lang='lat' dir='ltr'><strong>ipsorum</strong></span> <span class='ocrx_word' id='word_1_407' title='bbox 1578 3952 1652 4008; x_wconf 89' lang='lat' dir='ltr'><strong>iuris</strong></span> <span class='ocrx_word' id='word_1_408' title='bbox 1673 3951 1774 4010; x_wconf 89' lang='lat' dir='ltr'><strong>ictionl</strong></span> <span class='ocrx_word' id='word_1_409' title='bbox 1790 3951 1950 4008; x_wconf 82' lang='lat' dir='ltr'><strong>subiectos</strong></span> <span class='ocrx_word' id='word_1_410' title='bbox 1988 3953 2148 4027; x_wconf 84' lang='lat' dir='ltr'><strong>·Exponite</strong></span> 
     </span>
     <span class='ocr_line' id='line_1_40' title="bbox 664 4018 2150 4106; baseline 0.001 -25"><span class='ocrx_word' id='word_1_411' title='bbox 664 4024 791 4095; x_wconf 76' lang='lat' dir='ltr'><strong>singulis</strong></span> <span class='ocrx_word' id='word_1_412' title='bbox 815 4027 846 4081; x_wconf 91' lang='lat' dir='ltr'><strong>et</strong></span> <span class='ocrx_word' id='word_1_413' title='bbox 863 4040 923 4106; x_wconf 78' lang='lat' dir='ltr'><strong>per</strong></span> <span class='ocrx_word' id='word_1_414' title='bbox 945 4023 1116 4080; x_wconf 86' lang='lat' dir='ltr'><strong>universam</strong></span> <span class='ocrx_word' id='word_1_415' title='bbox 1139 4022 1311 4095; x_wconf 85' lang='lat' dir='ltr'><strong>parochiam</strong></span> <span class='ocrx_word' id='word_1_416' title='bbox 1327 4025 1460 4080; x_wconf 85' lang='lat' dir='ltr'><strong>vostram</strong></span> <span class='ocrx_word' id='word_1_417' title='bbox 1483 4020 1601 4101; x_wconf 82' lang='lat' dir='ltr'><strong>faciatis</strong></span> <span class='ocrx_word' id='word_1_418' title='bbox 1623 4037 1660 4076; x_wconf 85' lang='lat' dir='ltr'><strong>ex</strong></span> <span class='ocrx_word' id='word_1_419' title='bbox 1682 4019 1731 4076; x_wconf 89' lang='lat' dir='ltr'><strong>cni</strong></span> <span class='ocrx_word' id='word_1_420' title='bbox 1748 4018 1938 4100; x_wconf 83' lang='lat' dir='ltr'><strong>tyrannidem</strong></span> <span class='ocrx_word' id='word_1_421' title='bbox 1955 4021 2150 4096; x_wconf 90' lang='lat' dir='ltr'><strong>Marcoualdi,</strong></span> 
     </span>
     <span class='ocr_line' id='line_1_41' title="bbox 664 4087 2149 4162; baseline 0.001 -13"><span class='ocrx_word' id='word_1_422' title='bbox 664 4092 748 4150; x_wconf 90' lang='lat' dir='ltr'><strong>cuius</strong></span> <span class='ocrx_word' id='word_1_423' title='bbox 767 4091 890 4150; x_wconf 89' lang='lat' dir='ltr'><strong>consiho</strong></span> <span class='ocrx_word' id='word_1_424' title='bbox 908 4091 1024 4148; x_wconf 88' lang='lat' dir='ltr'><strong>nobiles</strong></span> <span class='ocrx_word' id='word_1_425' title='bbox 1041 4090 1135 4148; x_wconf 86' lang='lat' dir='ltr'><strong>vestri</strong></span> <span class='ocrx_word' id='word_1_426' title='bbox 1152 4091 1235 4162; x_wconf 89' lang='lat' dir='ltr'><strong>passi</strong></span> <span class='ocrx_word' id='word_1_427' title='bbox 1253 4090 1373 4148; x_wconf 80' lang='lat' dir='ltr'><strong>exilium</strong></span> <span class='ocrx_word' id='word_1_428' title='bbox 1396 4093 1426 4147; x_wconf 89' lang='lat' dir='ltr'><strong>et</strong></span> <span class='ocrx_word' id='word_1_429' title='bbox 1448 4089 1556 4147; x_wconf 74' lang='grc'><strong>1555515</strong></span> <span class='ocrx_word' id='word_1_430' title='bbox 1573 4088 1682 4144; x_wconf 86' lang='lat' dir='ltr'><strong>vinau&#39;</strong></span> <span class='ocrx_word' id='word_1_431' title='bbox 1717 4087 1856 4156; x_wconf 72' lang='lat' dir='ltr'><strong>singau-</strong></span> <span class='ocrx_word' id='word_1_432' title='bbox 1893 4088 2016 4146; x_wconf 89' lang='lat' dir='ltr'><strong>Mandat</strong></span> <span class='ocrx_word' id='word_1_433' title='bbox 2033 4091 2091 4162; x_wconf 88' lang='grc'><strong>515,</strong></span> <span class='ocrx_word' id='word_1_434' title='bbox 2114 4099 2149 4150; x_wconf 90' lang='grc'><strong>55</strong></span> 
     </span>
     <span class='ocr_line' id='line_1_42' title="bbox 663 4155 2148 4230; baseline 0.001 -13"><span class='ocrx_word' id='word_1_435' title='bbox 663 4161 888 4217; x_wconf 89' lang='lat' dir='ltr'><strong>Marcoualdum</strong></span> <span class='ocrx_word' id='word_1_436' title='bbox 905 4163 936 4217; x_wconf 89' lang='lat' dir='ltr'><strong>et</strong></span> <span class='ocrx_word' id='word_1_437' title='bbox 952 4158 1110 4216; x_wconf 80' lang='lat' dir='ltr'><strong>universos</strong></span> <span class='ocrx_word' id='word_1_438' title='bbox 1129 4159 1289 4230; x_wconf 86' lang='lat' dir='ltr'><strong>complices</strong></span> <span class='ocrx_word' id='word_1_439' title='bbox 1307 4157 1371 4215; x_wconf 89' lang='grc'><strong>5155</strong></span> <span class='ocrx_word' id='word_1_440' title='bbox 1390 4157 1516 4227; x_wconf 82' lang='lat' dir='ltr'><strong>singulis</strong></span> <span class='ocrx_word' id='word_1_441' title='bbox 1534 4155 1640 4213; x_wconf 89' lang='lat' dir='ltr'><strong>diebus</strong></span> <span class='ocrx_word' id='word_1_442' title='bbox 1658 4155 1811 4212; x_wconf 88' lang='lat' dir='ltr'><strong>dominicis</strong></span> <span class='ocrx_word' id='word_1_443' title='bbox 1830 4158 1861 4212; x_wconf 90' lang='grc'><strong>55</strong></span> <span class='ocrx_word' id='word_1_444' title='bbox 1877 4155 2002 4228; x_wconf 79' lang='lat' dir='ltr'><strong>festivis,</strong></span> <span class='ocrx_word' id='word_1_445' title='bbox 2018 4161 2148 4229; x_wconf 91' lang='lat' dir='ltr'><strong>pulsatis</strong></span> 
     </span>
     <span class='ocr_line' id='line_1_43' title="bbox 664 4223 2148 4306; baseline -0.002 -21"><span class='ocrx_word' id='word_1_446' title='bbox 664 4228 816 4300; x_wconf 87' lang='lat' dir='ltr'><strong>campanis</strong></span> <span class='ocrx_word' id='word_1_447' title='bbox 835 4231 866 4284; x_wconf 90' lang='lat' dir='ltr'><strong>et</strong></span> <span class='ocrx_word' id='word_1_448' title='bbox 883 4227 1015 4284; x_wconf 89' lang='lat' dir='ltr'><strong>candelis</strong></span> <span class='ocrx_word' id='word_1_449' title='bbox 1033 4225 1182 4297; x_wconf 87' lang='lat' dir='ltr'><strong>extinctis,</strong></span> <span class='ocrx_word' id='word_1_450' title='bbox 1198 4225 1469 4284; x_wconf 88' lang='lat' dir='ltr'><strong>excommunicatos</strong></span> <span class='ocrx_word' id='word_1_451' title='bbox 1476 4223 1599 4306; x_wconf 84' lang='lat' dir='ltr'><strong>publice</strong></span> <span class='ocrx_word' id='word_1_452' title='bbox 1612 4223 1761 4280; x_wconf 88' lang='lat' dir='ltr'><strong>nuncient</strong></span> <span class='ocrx_word' id='word_1_453' title='bbox 1792 4225 1855 4277; x_wconf 80' lang='lat' dir='ltr'><strong>Sine</strong></span> <span class='ocrx_word' id='word_1_454' title='bbox 1866 4225 1914 4288; x_wconf 77' lang='lat' dir='ltr'><strong>die,</strong></span> <span class='ocrx_word' id='word_1_455' title='bbox 1933 4231 2148 4300; x_wconf 69' lang='grc'><strong>5555551555.)</strong></span> 
     </span>
    </p>
   </div>
   <div class='ocr_carea' id='block_1_15' title="bbox 665 4291 2120 4367">
    <p class='ocr_par' dir='ltr' id='par_1_16' title="bbox 665 4291 2120 4367">
     <span class='ocr_line' id='line_1_44' title="bbox 665 4291 2120 4367; baseline 0 -15"><span class='ocrx_word' id='word_1_456' title='bbox 665 4298 763 4353; x_wconf 92' lang='lat' dir='ltr'><strong>lnuoc.</strong></span> <span class='ocrx_word' id='word_1_457' title='bbox 786 4296 840 4367; x_wconf 84' lang='lat' dir='ltr'><strong>Ep.</strong></span> <span class='ocrx_word' id='word_1_458' title='bbox 859 4296 904 4352; x_wconf 92' lang='grc'><strong>55.</strong></span> <span class='ocrx_word' id='word_1_459' title='bbox 922 4294 1034 4351; x_wconf 83' lang='grc' dir='ltr'><strong>Β51555</strong></span> <span class='ocrx_word' id='word_1_460' title='bbox 1052 4295 1072 4350; x_wconf 92' lang='grc'><strong>1.</strong></span> <span class='ocrx_word' id='word_1_461' title='bbox 1085 4295 1143 4351; x_wconf 72' lang='grc'><strong>320.</strong></span> <span class='ocrx_word' id='word_1_462' title='bbox 1162 4311 1195 4350; x_wconf 78' lang='grc' dir='ltr'><strong>5ο</strong></span> <span class='ocrx_word' id='word_1_463' title='bbox 1208 4297 1272 4366; x_wconf 80' lang='grc'><strong>559;</strong></span> <span class='ocrx_word' id='word_1_464' title='bbox 1291 4294 1364 4366; x_wconf 87' lang='grc'><strong>055.</strong></span> <span class='ocrx_word' id='word_1_465' title='bbox 1381 4295 1428 4352; x_wconf 91' lang='grc'><strong>55.</strong></span> <span class='ocrx_word' id='word_1_466' title='bbox 1445 4293 1544 4363; x_wconf 81' lang='lat' dir='ltr'><strong>Migne</strong></span> <span class='ocrx_word' id='word_1_467' title='bbox 1561 4293 1583 4348; x_wconf 94' lang='grc'><strong>1.</strong></span> <span class='ocrx_word' id='word_1_468' title='bbox 1594 4293 1654 4348; x_wconf 81' lang='grc'><strong>514.</strong></span> <span class='ocrx_word' id='word_1_469' title='bbox 1672 4308 1705 4349; x_wconf 75' lang='grc' dir='ltr'><strong>5ο</strong></span> <span class='ocrx_word' id='word_1_470' title='bbox 1717 4291 1776 4350; x_wconf 90' lang='grc'><strong>559.</strong></span> <span class='ocrx_word' id='word_1_471' title='bbox 1793 4322 1827 4331; x_wconf 95' lang='grc'><strong>-</strong></span> <span class='ocrx_word' id='word_1_472' title='bbox 1846 4293 1890 4348; x_wconf 83' lang='grc'><strong>·15</strong></span> <span class='ocrx_word' id='word_1_473' title='bbox 1909 4292 2120 4364; x_wconf 77' lang='grc'><strong>5515555555·</strong></span> 
     </span>
    </p>
   </div>
   <div class='ocr_carea' id='block_1_16' title="bbox 628 4407 2147 4619">
    <p class='ocr_par' dir='ltr' id='par_1_17' title="bbox 628 4407 2147 4619">
     <span class='ocr_line' id='line_1_45' title="bbox 628 4407 2147 4495; baseline -0.001 -25"><span class='ocrx_word' id='word_1_474' title='bbox 628 4413 753 4495; x_wconf 61' lang='lat' dir='ltr'><strong>(ciria.</strong></span> <span class='ocrx_word' id='word_1_475' title='bbox 776 4411 915 4492; x_wconf 80' lang='grc'><strong>55155555</strong></span> <span class='ocrx_word' id='word_1_476' title='bbox 934 4411 964 4469; x_wconf 92' lang='lat' dir='ltr'><strong>S.</strong></span> <span class='ocrx_word' id='word_1_477' title='bbox 980 4412 1121 4493; x_wconf 72' lang='grc'><strong>5555555</strong></span> <span class='ocrx_word' id='word_1_478' title='bbox 1145 4409 1311 4480; x_wconf 89' lang='lat' dir='ltr'><strong>committit,</strong></span> <span class='ocrx_word' id='word_1_479' title='bbox 1336 4413 1379 4480; x_wconf 91' lang='lat' dir='ltr'><strong>ut,</strong></span> <span class='ocrx_word' id='word_1_480' title='bbox 1403 4409 1433 4492; x_wconf 80' lang='grc'><strong>51</strong></span> <span class='ocrx_word' id='word_1_481' title='bbox 1456 4411 1611 4490; x_wconf 74' lang='lat' dir='ltr'><strong>crescente</strong></span> <span class='ocrx_word' id='word_1_482' title='bbox 1636 4423 1760 4488; x_wconf 78' lang='lat' dir='ltr'><strong>numero</strong></span> <span class='ocrx_word' id='word_1_483' title='bbox 1784 4407 2032 4478; x_wconf 90' lang='lat' dir='ltr'><strong>parochianorum</strong></span> <span class='ocrx_word' id='word_1_484' title='bbox 2054 4411 2147 4468; x_wconf 87' lang='lat' dir='ltr'><strong>saluti</strong></span> 
     </span>
     <span class='ocr_line' id='line_1_46' title="bbox 662 4476 2147 4619; baseline -0.009 -14"><span class='ocrx_word' id='word_1_485' title='bbox 662 4497 831 4619; x_wconf 64' lang='lat' dir='ltr'><strong>idtt‘it</strong></span> <span class='ocrx_word' id='word_1_486' title='bbox 847 4479 1484 4617; x_wconf 64' lang='grc'><strong>555555551155155</strong></span> <span class='ocrx_word' id='word_1_487' title='bbox 1503 4476 2120 4614; x_wconf 50' lang='lat' dir='ltr'><strong>iiiiiiitiiaitiiidtit·</strong></span> <span class='ocrx_word' id='word_1_488' title='bbox 2139 4483 2147 4550; x_wconf 66' lang='lat' dir='ltr'><strong>&#39;l</strong></span> 
     </span>
    </p>
   </div>
   <div class='ocr_carea' id='block_1_17' title="bbox 628 4641 2148 4922">
    <p class='ocr_par' dir='ltr' id='par_1_18' title="bbox 628 4641 2148 4922">
     <span class='ocr_line' id='line_1_47' title="bbox 628 4641 2148 4772; baseline -0.003 -64"><span class='ocrx_word' id='word_1_489' title='bbox 628 4650 701 4772; x_wconf 48' lang='grc'><strong>(613)</strong></span> <span class='ocrx_word' id='word_1_490' title='bbox 717 4647 828 4728; x_wconf 77' lang='lat' dir='ltr'><strong>Abbati</strong></span> <span class='ocrx_word' id='word_1_491' title='bbox 846 4646 876 4703; x_wconf 90' lang='lat' dir='ltr'><strong>S.</strong></span> <span class='ocrx_word' id='word_1_492' title='bbox 893 4646 1082 4728; x_wconf 75' lang='lat' dir='ltr'><strong>Emmerami</strong></span> <span class='ocrx_word' id='word_1_493' title='bbox 1098 4646 1131 4704; x_wconf 89' lang='grc' dir='ltr'><strong>Ε.</strong></span> <span class='ocrx_word' id='word_1_494' title='bbox 1149 4644 1321 4732; x_wconf 80' lang='lat' dir='ltr'><strong>praeposito</strong></span> <span class='ocrx_word' id='word_1_495' title='bbox 1340 4647 1371 4726; x_wconf 82' lang='lat' dir='ltr'><strong>et</strong></span> <span class='ocrx_word' id='word_1_496' title='bbox 1388 4644 1419 4700; x_wconf 86' lang='lat' dir='ltr'><strong>O.</strong></span> <span class='ocrx_word' id='word_1_497' title='bbox 1437 4645 1578 4702; x_wconf 89' lang='lat' dir='ltr'><strong>canonico</strong></span> <span class='ocrx_word' id='word_1_498' title='bbox 1596 4641 1864 4722; x_wconf 82' lang='lat' dir='ltr'><strong>Ratisponcnsibas</strong></span> <span class='ocrx_word' id='word_1_499' title='bbox 1880 4643 2012 4767; x_wconf 74' lang='grc' dir='ltr'><strong>5555555ί</strong></span> <span class='ocrx_word' id='word_1_500' title='bbox 2028 4645 2064 4700; x_wconf 86' lang='grc'><strong>55</strong></span> <span class='ocrx_word' id='word_1_501' title='bbox 2080 4645 2148 4704; x_wconf 87' lang='lat' dir='ltr'><strong>iare</strong></span> 
     </span>
     <span class='ocr_line' id='line_1_48' title="bbox 661 4709 2148 4922; baseline -0.001 -82"><span class='ocrx_word' id='word_1_502' title='bbox 661 4715 1239 4922; x_wconf 43' lang='lat' dir='ltr'><strong>gatiliffiffigtiddttdtip</strong></span> <span class='ocrx_word' id='word_1_503' title='bbox 1251 4712 1479 4840; x_wconf 52' lang='lat' dir='ltr'><strong>iitdtkisb?</strong></span> <span class='ocrx_word' id='word_1_504' title='bbox 1499 4709 2148 4851; x_wconf 62' lang='lat' dir='ltr'><strong>ti‘tiitifiiialltttitirtii</strong></span> 
     </span>
     <span class='ocr_line' id='line_1_49' title="bbox 680 4868 1748 4909; baseline -0.007 0"><span class='ocrx_word' id='word_1_505' title='bbox 680 4869 718 4909; x_wconf 95' lang='lat' dir='ltr'><strong>on</strong></span> <span class='ocrx_word' id='word_1_506' title='bbox 738 4869 776 4908; x_wconf 91' lang='grc'><strong>55</strong></span> <span class='ocrx_word' id='word_1_507' title='bbox 817 4868 834 4908; x_wconf 91' lang='grc'><strong>5</strong></span> <span class='ocrx_word' id='word_1_508' title='bbox 991 4874 1013 4904; x_wconf 76' lang='grc' dir='ltr'><strong>,ι</strong></span> <span class='ocrx_word' id='word_1_509' title='bbox 1740 4883 1748 4901; x_wconf 92' lang='grc'><strong>.</strong></span> 
     </span>
    </p>
   </div>
   <div class='ocr_carea' id='block_1_18' title="bbox 627 4943 2147 5210">
    <p class='ocr_par' dir='ltr' id='par_1_19' title="bbox 627 4943 2147 5210">
     <span class='ocr_line' id='line_1_50' title="bbox 627 4943 2147 5033; baseline -0.001 -24"><span class='ocrx_word' id='word_1_510' title='bbox 627 4952 700 5025; x_wconf 89' lang='grc'><strong>(619)</strong></span> <span class='ocrx_word' id='word_1_511' title='bbox 716 4949 904 5033; x_wconf 74' lang='grc'><strong>1155551155</strong></span> <span class='ocrx_word' id='word_1_512' title='bbox 920 4948 986 5030; x_wconf 74' lang='lat' dir='ltr'><strong>regi</strong></span> <span class='ocrx_word' id='word_1_513' title='bbox 1003 4948 1230 5006; x_wconf 87' lang='lat' dir='ltr'><strong>Marrochetano</strong></span> <span class='ocrx_word' id='word_1_514' title='bbox 1248 4951 1279 5006; x_wconf 88' lang='grc'><strong>55</strong></span> <span class='ocrx_word' id='word_1_515' title='bbox 1296 4947 1423 5029; x_wconf 76' lang='lat' dir='ltr'><strong>subditis</strong></span> <span class='ocrx_word' id='word_1_516' title='bbox 1437 4947 1506 5029; x_wconf 78' lang='lat' dir='ltr'><strong>eins</strong></span> <span class='ocrx_word' id='word_1_517' title='bbox 1524 4945 1674 5027; x_wconf 79' lang='lat' dir='ltr'><strong>significat</strong></span> <span class='ocrx_word' id='word_1_518' title='bbox 1684 4943 1907 5028; x_wconf 59' lang='lat' dir='ltr'><strong>⁴institutionem</strong></span> <span class='ocrx_word' id='word_1_519' title='bbox 1924 4944 2036 5028; x_wconf 78' lang='lat' dir='ltr'><strong>factam</strong></span> <span class='ocrx_word' id='word_1_520' title='bbox 2054 4963 2147 5032; x_wconf 80' lang='lat' dir='ltr'><strong>super</strong></span> 
     </span>
     <span class='ocr_line' id='line_1_51' title="bbox 661 5016 2147 5210; baseline -0.003 -66"><span class='ocrx_word' id='word_1_521' title='bbox 661 5020 1278 5210; x_wconf 58' lang='grc'><strong>5151155511115555555</strong></span> <span class='ocrx_word' id='word_1_522' title='bbox 1290 5016 2147 5156; x_wconf 60' lang='grc' dir='ltr'><strong>.5.5155“1ῗ55”515555.515515555</strong></span> 
     </span>
    </p>
   </div>
   <div class='ocr_carea' id='block_1_19' title="bbox 661 5123 1743 5227">
    <p class='ocr_par' dir='ltr' id='par_1_20' title="bbox 661 5123 1743 5227">
     <span class='ocr_line' id='line_1_52' title="bbox 661 5123 1743 5227; baseline -0.006 -15"><span class='ocrx_word' id='word_1_523' title='bbox 661 5154 810 5227; x_wconf 84' lang='lat' dir='ltr'><strong>Raynaldi</strong></span> <span class='ocrx_word' id='word_1_524' title='bbox 827 5153 934 5210; x_wconf 84' lang='lat' dir='ltr'><strong>Annal</strong></span> <span class='ocrx_word' id='word_1_525' title='bbox 952 5153 991 5209; x_wconf 90' lang='lat' dir='ltr'><strong>ad</strong></span> <span class='ocrx_word' id='word_1_526' title='bbox 1008 5169 1035 5209; x_wconf 91' lang='lat' dir='ltr'><strong>a.</strong></span> <span class='ocrx_word' id='word_1_527' title='bbox 1072 5153 1121 5209; x_wconf 89' lang='grc'><strong>199</strong></span> <span class='ocrx_word' id='word_1_528' title='bbox 1138 5153 1207 5223; x_wconf 71' lang='lat'><strong>§72</strong></span> <span class='ocrx_word' id='word_1_529' title='bbox 1224 5181 1259 5192; x_wconf 91' lang='lat'><strong>--</strong></span> <span class='ocrx_word' id='word_1_530' title='bbox 1278 5152 1373 5208; x_wconf 80' lang='lat' dir='ltr'><strong>»luter</strong></span> <span class='ocrx_word' id='word_1_531' title='bbox 1390 5167 1482 5222; x_wconf 90' lang='lat' dir='ltr'><strong>opera</strong></span> <span class='ocrx_word' id='word_1_532' title='bbox 1499 5149 1636 5207; x_wconf 87' lang='lat' dir='ltr'><strong>miserico</strong></span> <span class='ocrx_word' id='word_1_533' title='bbox 1675 5123 1743 5207; x_wconf 55' lang='lat' dir='ltr'><strong>:aea</strong></span> 
     </span>
    </p>
   </div>
   <div class='ocr_carea' id='block_1_20' title="bbox 628 5249 2148 5663">
    <p class='ocr_par' dir='ltr' id='par_1_21' title="bbox 628 5249 2148 5663">
     <span class='ocr_line' id='line_1_53' title="bbox 628 5249 2145 5334; baseline -0.003 -22"><span class='ocrx_word' id='word_1_534' title='bbox 628 5252 863 5334; x_wconf 60' lang='grc'><strong>(651)(5551515)</strong></span> <span class='ocrx_word' id='word_1_535' title='bbox 887 5252 1048 5334; x_wconf 82' lang='lat' dir='ltr'><strong>Mutinensi</strong></span> <span class='ocrx_word' id='word_1_536' title='bbox 1062 5252 1209 5334; x_wconf 35' lang='lat' dir='ltr'><strong>&#39;episcopo</strong></span> <span class='ocrx_word' id='word_1_537' title='bbox 1233 5250 1380 5320; x_wconf 89' lang='lat' dir='ltr'><strong>concedit,</strong></span> <span class='ocrx_word' id='word_1_538' title='bbox 1408 5253 1443 5307; x_wconf 90' lang='lat' dir='ltr'><strong>ut</strong></span> <span class='ocrx_word' id='word_1_539' title='bbox 1469 5249 1507 5307; x_wconf 91' lang='lat' dir='ltr'><strong>ad</strong></span> <span class='ocrx_word' id='word_1_540' title='bbox 1529 5249 1943 5332; x_wconf 37' lang='grc'><strong>5555515551555555155551</strong></span> <span class='ocrx_word' id='word_1_541' title='bbox 1966 5250 2145 5330; x_wconf 80' lang='lat' dir='ltr'><strong>clericorum</strong></span> 
     </span>
     <span class='ocr_line' id='line_1_54' title="bbox 663 5318 2146 5402; baseline -0.003 -22"><span class='ocrx_word' id='word_1_542' title='bbox 663 5338 737 5402; x_wconf 77' lang='lat' dir='ltr'><strong>suae</strong></span> <span class='ocrx_word' id='word_1_543' title='bbox 753 5323 896 5391; x_wconf 79' lang='lat' dir='ltr'><strong>diocesia,</strong></span> <span class='ocrx_word' id='word_1_544' title='bbox 913 5337 970 5402; x_wconf 33' lang='lat' dir='ltr'><strong>&#39;qui</strong></span> <span class='ocrx_word' id='word_1_545' title='bbox 990 5323 1092 5392; x_wconf 87' lang='lat' dir='ltr'><strong>turpia</strong></span> <span class='ocrx_word' id='word_1_546' title='bbox 1107 5335 1270 5378; x_wconf 89' lang='lat' dir='ltr'><strong>usurarum</strong></span> <span class='ocrx_word' id='word_1_547' title='bbox 1288 5318 1833 5400; x_wconf 59' lang='lat' dir='ltr'><strong>lucracaptauteatcrnicationibus,</strong></span> <span class='ocrx_word' id='word_1_548' title='bbox 1854 5318 2010 5374; x_wconf 86' lang='lat' dir='ltr'><strong>adulteras</strong></span> <span class='ocrx_word' id='word_1_549' title='bbox 2029 5321 2059 5374; x_wconf 88' lang='lat' dir='ltr'><strong>et</strong></span> <span class='ocrx_word' id='word_1_550' title='bbox 2076 5319 2146 5376; x_wconf 87' lang='lat' dir='ltr'><strong>aliis</strong></span> 
     </span>
     <span class='ocr_line' id='line_1_55' title="bbox 663 5385 2148 5466; baseline -0.002 -20"><span class='ocrx_word' id='word_1_551' title='bbox 663 5389 836 5446; x_wconf 88' lang='lat' dir='ltr'><strong>criminibus</strong></span> <span class='ocrx_word' id='word_1_552' title='bbox 854 5388 944 5447; x_wconf 88' lang='lat' dir='ltr'><strong>dediti</strong></span> <span class='ocrx_word' id='word_1_553' title='bbox 962 5389 1131 5446; x_wconf 89' lang='lat' dir='ltr'><strong>clericalem</strong></span> <span class='ocrx_word' id='word_1_554' title='bbox 1149 5389 1337 5444; x_wconf 88' lang='lat' dir='ltr'><strong>honestatem</strong></span> <span class='ocrx_word' id='word_1_555' title='bbox 1355 5387 1519 5458; x_wconf 81' lang='lat' dir='ltr'><strong>diffamant,</strong></span> <span class='ocrx_word' id='word_1_556' title='bbox 1541 5403 1568 5444; x_wconf 91' lang='lat' dir='ltr'><strong>si</strong></span> <span class='ocrx_word' id='word_1_557' title='bbox 1585 5403 1688 5443; x_wconf 88' lang='lat' dir='ltr'><strong>eorum</strong></span> <span class='ocrx_word' id='word_1_558' title='bbox 1706 5401 1832 5466; x_wconf 81' lang='lat' dir='ltr'><strong>erimina</strong></span> <span class='ocrx_word' id='word_1_559' title='bbox 1847 5385 1959 5443; x_wconf 86' lang='lat' dir='ltr'><strong>fuerint</strong></span> <span class='ocrx_word' id='word_1_560' title='bbox 1975 5385 2148 5466; x_wconf 81' lang='lat' dir='ltr'><strong>manifesta,</strong></span> 
     </span>
     <span class='ocr_line' id='line_1_56' title="bbox 664 5453 2147 5594; baseline -0.002 -12"><span class='ocrx_word' id='word_1_561' title='bbox 664 5456 970 5582; x_wconf 67' lang='lat' dir='ltr'><strong>⁰aitii⁹⁰litiii</strong></span> <span class='ocrx_word' id='word_1_562' title='bbox 978 5457 1325 5594; x_wconf 65' lang='grc'><strong>555155)</strong></span> <span class='ocrx_word' id='word_1_563' title='bbox 1338 5454 1500 5582; x_wconf 62' lang='lat' dir='ltr'><strong>luith</strong></span> <span class='ocrx_word' id='word_1_564' title='bbox 1516 5454 1637 5580; x_wconf 58' lang='lat' dir='ltr'><strong>titii</strong></span> <span class='ocrx_word' id='word_1_565' title='bbox 1654 5453 2147 5580; x_wconf 59' lang='lat' dir='ltr'><strong>iiiitriitiifititiri</strong></span> 
     </span>
     <span class='ocr_line' id='line_1_57' title="bbox 664 5538 2136 5663; baseline -0.002 -14"><span class='ocrx_word' id='word_1_566' title='bbox 664 5543 709 5649; x_wconf 62' lang='lat' dir='ltr'><strong>gn.</strong></span> <span class='ocrx_word' id='word_1_567' title='bbox 727 5541 985 5662; x_wconf 67' lang='lat' dir='ltr'><strong>Mignap1.546.—</strong></span> <span class='ocrx_word' id='word_1_568' title='bbox 1005 5591 1297 5662; x_wconf 74' lang='lat' dir='ltr'><strong>»Benignitateiaris</strong></span> <span class='ocrx_word' id='word_1_569' title='bbox 1317 5591 1460 5663; x_wconf 82' lang='lat' dir='ltr'><strong>plurimi·</strong></span> <span class='ocrx_word' id='word_1_570' title='bbox 1498 5540 1518 5596; x_wconf 62' lang='grc' dir='ltr'>Ρ</span> <span class='ocrx_word' id='word_1_571' title='bbox 2033 5562 2041 5590; x_wconf 90' lang='grc'><strong>’</strong></span> <span class='ocrx_word' id='word_1_572' title='bbox 2096 5538 2136 5594; x_wconf 67' lang='lat'><strong>¹³¹³</strong></span> 
     </span>
    </p>
   </div>
   <div class='ocr_carea' id='block_1_21' title="bbox 1900 5688 1943 5746">
    <p class='ocr_par' dir='ltr' id='par_1_22' title="bbox 1900 5688 1943 5746">
     <span class='ocr_line' id='line_1_58' title="bbox 1900 5688 1943 5746; baseline 0 -24"><span class='ocrx_word' id='word_1_573' title='bbox 1900 5688 1943 5746; x_wconf 69' lang='lat'><strong>80</strong></span> 
     </span>
    </p>
   </div>
   <div class='ocr_carea' id='block_1_22' title="bbox 0 0 2534 6532">
    <p class='ocr_par' dir='ltr' id='par_1_23' title="bbox 0 0 2534 6532">
     <span class='ocr_line' id='line_1_59' title="bbox 0 0 2534 6532; baseline 0 0"><span class='ocrx_word' id='word_1_574' title='bbox 0 0 2534 6532; x_wconf 95' lang='lat' dir='ltr'><strong> </strong></span> 
     </span>
    </p>
   </div>
  </div>
 </body>
</html>
